2798 4666
201 260 275 334 172

198 440 244 529 τῷ
270 440 306 506 dl
334 438 477 520 παιᾶνα,
510 437 711 525 τεταγμένην
732 439 789 502 καὶ
816 431 976 525 σωφρόνα
998 435 1149 521 μοῦσαι,
1180 430 1298 525 ἀγήρω
1326 458 1363 503 τε

197 548 391 612 τοῦτονκαὶ
413 550 502 625 νέον,
523 546 646 611 ἐκεῖνον
666 542 702 607 δὲ
723 542 881 624 πολυειδῆ
902 545 960 609 καί
981 539 1202 630 πολύμορφον
1221 543 1260 609 έν
1279 568 1363 633 γρα-

196 655 278 738 φαῖς
298 655 355 717 καί
376 650 552 739 πλάσμασι
572 649 811 738 δημιουργοῦσι
831 653 901 715 ιιαί
910 641 994 727 ὅλως
1015 649 1062 739 τῷ
1088 655 1150 735 μὲν
1171 645 1362 735 ὁμοιότητα

195 763 253 824 καί
275 755 368 840 τάξιν
388 762 444 823 καί
465 752 662 839 σπουδήν”
637 778 794 842 ακρατον,
815 781 862 822 τω
846 757 918 822 dd
935 757 1139 844 μεμιγμένην
1159 759 1219 822 καὶ
1235 756 1361 847 παιδιᾷ

195 869 251 930 aot
281 859 375 951 ίίβρει
404 888 464 930 και
497 865 628 956 σπουδῇ
660 867 717 930 καί
747 862 856 953 μανία
882 864 1121 949 προςφέροντες
1149 860 1358 949 ἀνωμαλίαν,

193 969 284 1037 εῦιον
323 969 539 1060 ὀρσιγυναῖκα
576 973 794 1057 μαινομέναις
829 965 994 1038 Διόνυσον
1032 965 1208 1037 ἀνθέοντα
1246 972 1358 1055 τιμαῖς

193 1077 421 1144 ἀνακαλοῦσιν
448 1073 489 1143 οῦ
518 1077 655 1166 φαύλως
678 1076 832 1164 ἑκατέρας
851 1074 1040 1164 μεταβολῆς
1060 1072 1099 1140 τῦ
1125 1069 1250 1141 oiston
1269 1075 1356 1163 λαμ-

194 1180 362 1266 βάνοντες.
405 1186 477 1251 ἐπεὶ
499 1179 535 1247 d'
564 1180 625 1249 οῦκ
653 1171 767 1260 ίσοςὸ
797 1183 862 1247 τιῦν
891 1177 1056 1268 περιόδων
1085 1181 1122 1245 έν
1152 1185 1229 1259 ταῖς
1255 1204 1355 1267 μετα-

193 1291 310 1374 βολαῖς
327 1286 447 1379 χρόνος
468 1285 556 1354 ἀλλὰ
577 1290 696 1377 μείζων
717 1287 736 1355 ὁ
760 1289 819 1369 τῆς
847 1287 973 1376 ἑτέρας,
1002 1281 1045 1367 ἣν
1070 1284 1171 1375 κόρον
1196 1288 1355 1357 καλοῦσιν

192 1391 211 1461 ὁ
236 1395 271 1459 δὲ
293 1396 352 1476 τῆς
369 1393 602 1483 χρησμοσύνης
623 1393 782 1474 ἐλάττων,
810 1392 850 1460 τὸ
879 1390 965 1459 κατὰ
986 1389 1087 1476 λόγον
1108 1393 1287 1481 τηροῦντες
1304 1394 1353 1461 έν-

192 1501 321 1580 ταῦθα,
344 1503 485 1589 τὸνμὲν
506 1499 609 1568 ἄλλον
629 1501 783 1567 ἐνιαυτὸν
804 1501 923 1566 παιᾶνι
940 1499 1088 1587 χρῶνται
1108 1502 1184 1591 περὶ
1204 1498 1264 1579 τὰς
1286 1502 1354 1567 ἀν·

192 1607 277 1688 σίας,
298 1603 531 1694 ἀρχομένου
552 1609 593 1673 δέ
610 1608 813 1694 χειμῶνος
833 1605 1116 1697 ἐπεγείραντες
1136 1604 1211 1673 τὸν
1231 1600 1353 1673 δεθεί-

115 1786 119 1791 ,
191 1715 356 1801 ραμβου
370 1722 432 1800 ⁸⁴),
456 1713 514 1801 τὸν
535 1713 571 1778 δὲ
592 1715 721 1779 παιᾶνα
742 1710 1030 1790 καταπαύσαντες,
1051 1717 1137 1799 τρεῖς
1148 1712 1261 1799 μῆνας
1273 1708 1350 1779 ἀντ’

189 1819 314 1885 ἐκείνου
344 1820 465 1885 τοῦτον
495 1821 764 1886 κατακαλοῦνται
799 1821 860 1885 τὸν
892 1816 988 1885 θεὸν.
1020 1852 1061 1868 --
1092 1820 1201 1905 Quem
1233 1818 1350 1903 locum,

191 1930 284 2018 quasi
310 1927 439 1994 serioris
470 1925 653 2017 theologiae
686 1927 938 2018 dogmatumque
968 1924 1235 2016 philosophorum
1262 1946 1350 1993 aera·

189 2034 282 2115 num,
311 2056 377 2101 non
400 2033 439 2100 ab
462 2056 527 2100 uno
549 2033 752 2101 solummodo
773 2032 932 2100 lectorum
954 2031 1109 2123 provideo
1130 2040 1280 2121 spretum
1298 2032 1348 2115 iri;

190 2163 273 2230 quos
299 2149 408 2207 tamen
436 2138 486 2207 his
516 2162 577 2230 ego
610 2141 751 2207 monitos
779 2137 870 2220 volo,
899 2161 942 2204 ne
969 2142 1036 2203 un'a
1063 2160 1140 2205 cum
1165 2134 1349 2227 mythonnn

187 2248 449 2335 interpretatione
471 2247 617 2335 quamvis
639 2247 776 2335 mystica
797 2254 853 2311 aut
874 2242 1065 2334 theologica,
1087 2240 1190 2334 qualis
1206 2242 1248 2311 ab
1268 2242 1349 2311 iltius

188 2352 341 2442 temporis
362 2350 559 2441 philosophis
582 2351 724 2418 adhiberi
745 2351 870 2418 solebat
890 2351 957 2417 fere
978 2349 1281 2440 omnibus„ipsiur,
1299 2348 1349 2415 in-

190 2482 302 2547 quam,
330 2456 431 2547 mythi
458 2458 673 2547 praesentiam
700 2468 912 2547 veterumque
943 2455 1143 2524 Graecorum
1170 2454 1269 2523 fidem
1293 2452 1347 2523 ab·

184 2565 285 2653 jicere
306 2572 401 2651 atque
429 2562 592 2652 expellere
620 2562 797 2629 videantur.
840 2563 894 2630 Ex
920 2561 983 2629 hoc
1014 2563 1100 2629 enim
1126 2562 1198 2653 ipso
1225 2558 1347 2651 mytho,

188 2669 241 2735 cui
268 2664 434 2734 Plutarchi
464 2669 716 2758 superinstructa
749 2669 896 2736 videmus
929 2666 1185 2758 theologemata,
1215 2674 1347 2759 apparet

186 2774 273 2840 idem
306 2773 393 2864 quod
425 2772 554 2841 aliunde
580 2777 678 2842 etiam
694 2762 894 2843 ¹testimoniis
922 2774 1171 2863 comprobatum
1191 2774 1346 2855 videmus,

185 2881 273 2947 initio
295 2880 461 2970 utriusque
482 2882 620 2947 nunonis
643 2890 676 2947 et
697 2880 856 2972 Apollinei
878 2891 911 2948 et
931 2879 1093 2963 Bacchici,
1122 2902 1225 2947 unam
1244 2880 1345 2949 notio-

185 3009 261 3055 nem
288 2985 460 3076 ideamque
489 2988 603 3069 fuisse,
637 2987 841 3077 eundemque
869 2986 967 3054 deum
994 3010 1092 3077 quem
1118 3008 1179 3077 per
1209 2984 1345 3055 lticmrle

185 3103 313 3183 tempus
335 3091 486 3183 Delphici
514 3092 625 3184 templi
645 3094 831 3162 sacerdotes
851 3090 992 3181 Dionysi
1011 3093 1143 3159 nomine
1163 3093 1344 3161 invocatam

187 3199 394 3288 dithyrambis
425 3199 639 3282 celebrarent,
672 3222 730 3290 per
758 3196 899 3288 reliquos
930 3200 1005 3265 anni
1032 3221 1162 3265 menses
1193 3195 1344 3291 appellat

186 3305 383 3394 Apollinem,
411 3304 596 3397 placarique
624 3306 800 3396 paeonibus
823 3304 952 3371 solitum
975 3328 1048 3372 esse
1070 3307 1125 3390 (-
1145 3303 1239 3387 vide,
1265 3322 1343 3395 quac

186 3411 269 3475 infra
295 3410 335 3476 de
363 3411 538 3499 paeonibus
568 3415 676 3481 vernis
704 3411 819 3479 dicturi
846 3434 958 3477 sumus
980 3413 1040 3495 —)
1069 3419 1120 3494 ut,
1152 3411 1183 3477 si
1215 3408 1343 3501 quirin

187 3513 459 3603 dithyramborum
479 3515 663 3608 Dionysum
688 3520 841 3610 inquirat,
870 3515 972 3610 qualis
999 3516 1110 3598 luerit,
1135 3513 1213 3585 huic
1239 3534 1342 3607 neque

256 3729 347 3802 ἑταῖρε
378 3732 504 3798 Βακχίου
536 3728 682 3804 ξύγκωμε,
718 3726 994 3804 νυκτοπεριπλάνητε.
1035 3733 1102 3785 Eur.
1132 3730 1235 3786 Booolr.
1266 3730 1341 3785 tm.

253 3821 313 3874 lon.
332 3819 411 3872 1148.
447 3816 536 3871 Etiam
562 3821 746 3873 Hermannom
771 3813 923 3888 σῦγκοινον
946 3818 1093 3871 defendere
1115 3817 1195 3875 rideo
1219 3818 1293 3873 Diu.
1310 3816 1341 3869 de

252 3905 378 3972 Aeschyl.
396 3904 538 3971 Lycurgia.
557 3923 584 3975 p.
601 3907 645 3960 20.

222 4007 259 4075 θ’)
275 4010 319 4061 Ex
334 4009 387 4062 hoo
403 4009 542 4063 Plutarchi
560 4010 622 4061 loco
644 4005 726 4059 etiam
743 4008 920 4063 Philochorus
938 4025 982 4077 ap.
999 4006 1099 4061 Athen.
1116 4010 1185 4065 xlv.
1200 4026 1230 4079 ρ.
1247 4008 1302 4065 028
1317 4022 1341 4061 ι.

251 4094 339 4145 lucem
357 4095 465 4164 accipit.
488 4095 525 4149 of.
542 4097 689 4155 Hermann.
712 4095 747 4146 ad
763 4096 875 4150 Aristot.
892 4096 951 4149 Art.
969 4096 1001 4150 Ρ.
1017 4110 1045 4164 ρ.
1062 4096 1099 4151 oo
1122 4100 1153 4149 et
1169 4094 1288 4151 Siebcliu
1308 4094 1342 4147 od

251 4176 402 4234 Philochor.
425 4180 521 4249 fragm.
538 4199 565 4251 p.
581 4182 632 4249 24,
660 4196 740 4250 quem
770 4185 840 4239 male
864 4183 898 4237 de
923 4182 1072 4255 paeonibus
1095 4182 1221 4239 tibetioul
1241 4180 1341 4249 iuneti·

255 4264 390 4349 cogitasse
407 4267 496 4337 video,
513 4269 644 4326 advocato
662 4270 693 4323 lt.
712 4270 734 4333 l,
751 4270 812 4326 470.
