2798 4672
165 232 243 307 250

179 454 182 461 -
291 408 347 490 Χὴ
367 407 509 496 μουσικὴ
532 403 659 494 πρᾶγμ’
683 408 755 503 ἐντί
776 404 882 491 βουλό.
897 430 929 473 τι
949 409 1006 473 κοί
1023 402 1199 494 κόμκυλον
1272 432 1289 447 ··
1310 446 1312 451 ,

166 538 171 585 1
286 513 340 583 ἀτί
357 539 402 582 τυ
415 513 533 583 καινόν
553 511 730 605 ἐξέυρίυκεί
749 517 818 592 τοῖς
835 514 979 581 ἐπινοεῖν
1000 515 1206 601 δυναμένους.
1258 582 1261 587 ,
1286 560 1289 565 -

165 623 237 693 Nec
258 625 328 692 sine
349 623 483 692 consilio
505 621 640 713 Eupolis
661 621 692 688 h.
715 620 736 689 l
758 623 915 709 musicam
942 620 1080 711 πρᾶγμά
1100 643 1133 689 τι
1153 616 1333 707 νόμπυλον

164 732 309 813 vocavit,
329 748 405 798 cum
420 751 471 796 ex
492 729 690 796 comicorum
710 727 850 796 lectione
868 728 996 797 abunde
1015 732 1237 820 pateat525tum
1257 725 1332 793 iidi-

166 837 254 915 eines
277 846 346 904 tum
366 835 519 918 tibicines,
539 836 694 926 imprimis
714 856 793 901 vero
809 845 921 926 poetas
944 833 1332 926 ‹litlry'rar'irbicompenes

166 963 248 1033 quos
285 943 352 1010 iere
378 944 481 1010 omnis
514 965 553 1008 eo
584 951 732 1032 tempore
759 942 909 1009 'musicae
942 941 1129 1009 exercitatio
1161 940 1333 1008 recondita

166 1057 245 1131 erat,
265 1048 395 1115 minime
415 1047 673 1140 hocspectasse,
695 1047 810 1139 quibus
831 1046 986 1115 maclrinis
1006 1047 1165 1138 nouaque
1187 1044 1331 1113 artificiis

165 1155 412 1223 corroborarent
432 1156 589 1222 musicam
609 1178 660 1222 ac·
657 1152 854 1237 stabilirent,
875 1153 934 1221 sed
956 1152 1078 1245 ρυίόυο
1092 1173 1166 1220 eam
1183 1160 1331 1218 tormen-

165 1262 205 1328 tis
234 1284 272 1328 ac
307 1261 439 1327 flexuris
469 1261 686 1343 debilitarent,
716 1261 1038 1352 comprimerentque.
1093 1257 1230 1349 Spectat
1262 1255 1331 1387 huc

164 1365 394 1456 Aristophanes
413 1367 520 1437 Nubb.
541 1370 664 1435 970:

207 1495 237 1536 ω
230 1465 295 1537 δέ
317 1494 367 1550 τις
388 1472 498 1540 αὐτῶν
518 1468 842 1562 βωμολοχεόσυωτΗ
826 1497 847 1553 η
870 1469 1033 1558 κάμψειέν
1053 1492 1129 1537 τινα
1145 1468 1286 1559 καμπὴν

207 1574 310 1656 αότός
331 1579 493 1661 δείξας,
473 1603 511 1647 εν
531 1579 576 1647 θ’
603 1575 917 1668 όρμονίυιςχιοίζων
937 1573 961 1659 ἢ
981 1573 1175 1665 οιφνιόζων,

207 1678 281 1761 οἵας
302 1685 336 1750 oi
358 1685 418 1750 νῦν
437 1684 497 1764 τὰς
516 1683 764 1774 sareptanam
785 1682 910 1763 τούτοις
931 1683 990 1763 τὰς
1012 1681 1330 1773 δυσκολοκάμπτους

206 1788 395 1880 ἐπετρίβετο
415 1789 618 1880 τυπτόμενος
639 1792 773 1872 πολλὰς,
793 1790 838 1870 τίς
860 1792 921 1871 τὰς
944 1787 1089 1869 Μούσας
1108 1789 1295 1881 ἀφανίζων.

164 1919 262 1990 quern
281 1897 392 1967 locum
412 1899 532 1968 Pollux
553 1901 670 1968 Onom.
687 1899 776 1982 lV,9
797 1905 954 1990 respexit:
975 1903 1033 1966 καὶ
1057 1900 1188 1990 Φρῦνιν
1208 1900 1246 1965 δὲ
1267 1896 1329 1965 τόν

164 1997 332 2091 Κάμωνος
351 2005 466 2090 μέλεοι
487 2004 717 2094 πολυτίμητοι
739 2009 808 2083 τοῖς
829 2003 894 2074 ὑπὸ
926 2007 993 2072 τῶν
1018 2006 1187 2098 κωμῳδῶν
1205 2006 1330 2073 δυσκο-

163 2109 368 2196 λοκάμπτους
396 2114 553 2194 κληθεῖυι
584 2114 772 2200 κεχρῆσθαι
803 2115 947 2205 λέγουσι.
999 2113 1129 2182 Etenim
1163 2112 1329 2203 Phrynnis

162 2219 337 2309 praecipue
358 2223 515 2289 musicam
536 2222 666 2305 flexisse
693 2222 920 2305 accusabatur;
948 2231 1046 2312 atque
1072 2244 1093 2288 a
1118 2220 1330 2312 frequentiori

162 2323 398 2393 mollicularum
424 2329 558 2394 istarum
583 2328 839 2395 modulationum
869 2337 901 2395 et
926 2328 1103 2395 flexionum
1130 2351 1194 2396 usu
1218 2321 1329 2392 Ἱωνο-

162 2425 316 2517 κοίμτιτης
337 2433 440 2500 dictus
463 2443 514 2500 est
535 2433 629 2519 (Plut.
653 2433 695 2499 de
715 2432 811 2501 laude
839 2435 890 2500 sui
910 2457 941 2525 p.
962 2435 1026 2501 958
1047 2436 1118 2520 Ab
1139 2433 1190 2501 Ab
1207 2433 1330 2503 eodem

162 2536 287 2604 Musica
307 2538 341 2602 in
362 2537 564 2605 Pherecratis
584 2538 693 2605 fabula
714 2539 855 2628 quadam
875 2542 1091 2631 conqueritur,
1110 2541 1144 2607 in
1165 2540 1328 2609 tremulo-

162 2663 236 2711 rum
257 2664 411 2713 sonorum
425 2642 825 2735 *artificiosissimas'quasi
845 2647 1016 2737 voragines
1044 2655 1247 2715 totam-sese
1263 2650 1328 2715 im-

162 2768 304 2819 mersam
318 2762 400 2836 esse,
420 2749 597 2840 rapidoque
616 2773 713 2818 cursu
727 2751 825 2818 modo
841 2751 905 2820 huc
921 2754 1017 2821 modo
1039 2753 1120 2821 illuc'
1131 2757 1306 2847 jactatam:

174 2906 177 2911 -
205 2900 209 2927 ².
238 2906 244 2927 ·.
327 2855 472 2945 Φρόνντς
493 2853 527 2921 d'
551 2857 640 2924 ἴδιον
660 2853 838 2945 πρόβολον
860 2857 1113 2943 ἐμβαλόντων
1212 2860 1215 2867 ’
1277 2916 1280 2921 .
1311 2916 1314 2921 .

192 3016 196 3023 .
324 2958 518 3050 κάμπτων
543 2989 584 3050 με
605 2967 664 3032 καὶ
690 2966 843 3052 στρέφων
863 2957 1163 3056 όληνόιέφθορεν.
1234 3000 1264 3053 ‚3
1298 2992 1314 3007 ··

163 3071 238 3158 Quo
252 3093 330 3138 vero
346 3093 446 3138 sensu
457 3069 618 3161 Phrynnis
637 3067 880 3158 lamsapcena
901 3071 1059 3157 audiebat,
1080 3074 1197 3142 eodem
1210 3073 1327 3167 reliqui

163 3176 437 3264 dithyramborum
462 3186 588 3268 poetae
601 3201 621 3244 a
645 3179 778 3257 comicis
805 3175 1091 3268 ᾀσματοκόμκτυι
1117 3179 1326 3272 appelleban-

162 3293 229 3366 tur3
252 3283 339 3350 unde
359 3283 590 3373 Aristophanes
609 3283 716 3369 Nubb.
730 3285 811 3351 332.
885 3342 888 3347 .

193 3385 334 3453 κυκλίων
355 3411 397 3453 re
409 3389 517 3478 χορῶν
539 3386 846 3480 όσμοτοκοίμτττυς
843 3387 976 3480 όίνόρας
995 3396 1296 3482 μετεωροφτνοκυς.

163 3518 247 3589 quae
268 3494 368 3563 verba
388 3494 561 3565 scholiasta
581 3522 648 3567 non
667 3497 918 3592 improbabiliter
938 3499 1160 3589 ad'Cinesiam
1176 3497 1329 3566 et.Cleo·

162 3625 292 3671 merram
310 3599 559 3692 dithyrambicos
580 3606 686 3673 refert.
729 3607 836 3698 Atque
865 3603 951 3673 hunc
970 3605 1192 3696 Aristophanis
1214 3604 1328 3672 locum

162 3713 324 3802 respicere
354 3708 406 3776 Jo.
427 3708 561 3780 Tretnes
589 3711 716 3779 videtur
741 3713 775 3779 in
796 3733 881 3798 στιχ.
902 3736 936 3779 κ.
959 3712 1053 3798 deep.
1074 3732 1185 3791 πονιτ.
1206 3734 1237 3777 ν.
1262 3710 1329 3777 140

163 3815 319 3903 (Cramer.
332 3814 454 3884 Anecd.
468 3814 774 3906 Oxon.lll,p.334).
797 3870 805 3886 .
829 3870 837 3886 .
860 3869 868 3887 .
891 3818 933 3885 τὰ
954 3820 991 3885 δὲ
1006 3815 1109 3885 tornai
1130 3840 1191 3905 μοι
1206 3810 1305 3903 μάθε
1357 3862 1360 3867 -

362 3922 398 3997 οἱ,
418 3921 500 4008 πρὸς
522 3921 765 3995 τόνΛιόνυοον
785 3919 968 4011 γράφοντες
988 3921 1106 4017 λόγους

362 4027 804 4120 κυμωλωςονιρλυςρόβητον
830 4028 977 4119 ἔγραφον
1003 4034 1102 4120 μέλος

363 4126 498 4223 οἷόνπερ
517 4134 619 4215 αὐτὸς
639 4136 732 4223 ςίχον
753 4135 873 4224 ἀρτίως
894 4134 982 4224 ἔφην

364 4239 640 4330 ᾀσματοκυμντῶν
661 4243 912 4334 πλωςοκοικίλω
933 4241 1053 4336 τρόπω.
