2798 4672
176 233 225 307 10

145 473 147 477 ,
173 413 237 503 γὰρ
262 410 566 504 στρεπταιγλᾶν
583 394 702 495 ὀὗτος
717 403 819 482 εἶπεν.
871 416 977 506 Atque
1003 415 1090 485 idem
1111 417 1208 509 paulo
1230 439 1329 511 supra

175 521 216 588 ad
237 522 457 612 Aristophanis
479 547 627 592 versum:

213 625 354 696 κυκλίων
375 655 409 696 τε
427 632 537 722 χορῶν
554 625 842 721 ᾀσματοκάμπτας
863 626 989 718 ἄνδρας
1004 633 1306 720 μετεωροφένακας.

173 735 264 804 dicit:
295 732 477 804 αἰνίττεται
510 737 556 816 εἰς
581 733 657 814 τοὺς
683 738 759 825 περὶ
790 736 959 816 Κινησίαν
993 739 1049 802 καὶ
1080 733 1264 820 Φιλόξενον
1285 741 1326 824 ⁰).

172 839 239 907 lam
261 867 340 912 voro
362 846 561 914 Philoxenus
584 853 709 927 noster,
731 846 781 914 uti
798 843 936 911 diximus
959 843 1086 935 Olymp.
1097 842 1284 927 LXXXVI,
1305 846 1327 911 2

173 956 268 1016 natus
291 961 347 1020 est.
391 953 503 1022 Nubes
526 960 634 1018 autem
655 951 793 1040 primum
816 950 912 1018 docta
934 948 1062 1041 Olymp.
1077 948 1274 1034 LXXXIX,
1298 953 1324 1019 1.

172 1054 352 1125 Philoxeno
376 1081 494 1124 annum
512 1066 627 1146 agente
645 1057 859 1124 undecimum.
889 1056 957 1125 Sed
973 1080 1015 1124 nc
1031 1057 1064 1124 in
1081 1057 1182 1125 altera
1198 1057 1327 1149 quidem

173 1166 362 1230 recensione
384 1172 531 1231 nostrum
552 1162 600 1230 his
617 1173 739 1231 tactum
758 1188 830 1231 esse
841 1163 948 1231 verbis
964 1163 1114 1231 credibile
1132 1173 1189 1247 est,
1208 1165 1326 1255 quippe

173 1268 260 1356 quod
282 1269 410 1361 Olymp.
422 1267 616 1352 LXXXIX,
636 1270 658 1337 4
687 1292 751 1360 quo
772 1267 913 1336 fabulam
933 1268 1017 1337 hanc
1038 1272 1154 1338 iterum
1175 1272 1327 1362 imposuit

172 1373 280 1442 incudi
307 1400 373 1444 non
406 1378 467 1443 nisi
495 1398 615 1444 annum
645 1384 756 1466 ageret
783 1376 928 1465 quintum
962 1376 1132 1444 decimum.
1185 1377 1326 1467 Eupolin
1383 1441 1388 1455 ,

173 1481 302 1570 quidem
323 1485 440 1552 Suidas
460 1484 585 1551 decimo
613 1484 748 1573 septimo
776 1483 888 1547 aetatis
916 1503 1000 1547 anno
1027 1484 1165 1571 primam
1185 1483 1325 1552 fabulam

173 1585 321 1656 docuisse
343 1592 461 1658 diserte
481 1590 625 1673 tradidit3
647 1591 686 1658 cl.
709 1587 852 1670 Memor,
873 1586 944 1654 hist.
966 1588 1034 1654 crit.
1055 1611 1086 1679 p.
1101 1589 1176 1673 104,
1197 1591 1256 1658 sed
1275 1592 1324 1658 iu-

171 1715 289 1760 venem
316 1705 373 1764 aut
392 1720 529 1789 puerum
551 1700 657 1787 potius
679 1693 745 1764 XV
767 1717 925 1761 annorum
944 1695 989 1760 ita
1010 1693 1174 1778 claruisse,
1195 1706 1232 1763 ut
1253 1699 1324 1765 Ari-

172 1800 347 1890 stophanes
370 1828 445 1872 eum
466 1827 526 1871 suo
549 1800 677 1893 flagello
701 1801 833 1892 dignum
853 1809 995 1891 putaret,
1018 1803 1075 1869 vix
1093 1802 1242 1870 credibile
1264 1813 1322 1872 est.

171 1905 219 1974 Ac
240 1919 407 1998 practerea
427 1921 497 1978 turn
517 1908 716 1978 Philoxenus
744 1904 849 1974 adhuc
875 1906 1076 1978 imbuebatur
1100 1907 1323 2000 Melamppidis

171 2019 360 2107 praeceptis.
403 2017 463 2086 His
484 2018 580 2108 igitur
602 2015 848 2096 difficultatibus,
865 2038 928 2106 quo
939 2038 976 2082 se
990 2015 1112 2083 facilius
1130 2016 1324 2084 extricarent

170 2125 231 2191 viri
248 2127 343 2209 docti,
364 2125 549 2217 simpliciter
564 2132 744 2192 statuerunt
754 2120 953 2189 Scholiastae
967 2143 1108 2190 errorem
1120 2123 1324 2191 manifestum

172 2254 252 2297 esse.
304 2233 359 2298 Sic
378 2231 520 2298 Mamer.
543 2230 615 2296 hist.
638 2231 705 2296 crit.
727 2252 758 2318 p.
772 2230 824 2293 89.
864 2229 929 2292 288
950 2253 1018 2319 sqq.
1066 2229 1134 2296 Sed
1160 2228 1237 2294 mihi
1257 2253 1323 2297 uon

134 2413 136 2417 ¹
171 2359 210 2402 ea
231 2337 358 2403 videtur
378 2335 472 2402 huius
492 2336 694 2424 potissimum
715 2331 827 2400 scholii
849 2335 939 2413 ratio,
961 2344 997 2400 ut
1012 2334 1176 2401 Mamurio
1192 2355 1245 2399 me
1264 2334 1321 2401 ad-

170 2442 277 2510 dicere
299 2440 432 2522 vellem,
458 2449 571 2531 utpote
597 2439 717 2527 inquo
745 2439 816 2504 sine
843 2441 1063 2505 controversia
1084 2438 1191 2530 aliqua
1211 2441 1322 2508 notitia

151 2611 153 2616 .
170 2570 210 2614 ac
231 2548 376 2616 doctrina
398 2554 564 2636 appareat,
588 2566 685 2635 quam
707 2567 749 2612 ex
762 2546 832 2634 ipso
846 2542 1059 2635 Aristophane
1076 2542 1204 2616 haurire
1217 2546 1322 2615 Scho-

168 2652 261 2721 liasta
282 2677 349 2721 non
370 2654 482 2744 potuit.
533 2650 644 2742 ltaque
670 2651 698 2716 si
727 2651 862 2718 verbum
892 2651 1135 2740 στρεπταιγλᾶν
1162 2675 1181 2719 a
1208 2664 1321 2722 nostro

170 2760 361 2843 Philoxeno,
384 2759 546 2851 quomodo
567 2758 672 2824 visum
694 2766 757 2841 est,
779 2756 937 2847 proficisci
957 2781 1023 2827 non
1044 2761 1165 2851 potuit,
1191 2761 1321 2828 indubie

169 2868 210 2933 ab
238 2851 305 2935 alio*
326 2868 506 2936 Philoxeno
533 2865 712 2956 proiectum
740 2866 781 2931 sit
800 2888 935 2932 neccsse
957 2875 1014 2934 cst.
1064 2866 1114 2934 Ac
1142 2867 1223 2933 vixit
1242 2889 1321 2934 sane

169 2974 229 3043 illis
256 2976 453 3067 temporibus
486 2973 566 3041 alius
592 2969 790 3041 Philoxenus
821 2970 1002 3040 Leucadius
1029 2974 1239 3062 cognomine,
1266 2976 1321 3065 qui

170 3087 368 3152 comicorum
395 3081 562 3151 lasciviam
589 3102 650 3146 nec
677 3080 747 3170 ipse
763 3080 912 3170 veffugere
933 3080 1043 3168 potuit.
1093 3078 1143 3147 cf.
1164 3078 1246 3147 Plat.
1268 3102 1319 3171 ap.

169 3188 323 3270 Athenl,
343 3190 442 3276 p.56‚
463 3187 520 3270 lV,
541 3211 572 3278 p.
588 3185 658 3252 146.
707 3185 805 3252 Patre
826 3184 878 3254 hic
904 3195 998 3252 natus
1019 3186 1145 3254 videtur
1166 3185 1318 3275 Eryxide.

40 3344 42 3347 -
168 3296 255 3365 Nam
276 3293 474 3364 Philoxenus
495 3292 645 3383 Eryxidis
668 3293 807 3360 occurrit
828 3315 878 3384 ap.
896 3292 1164 3361 AristotNicom.
1186 3291 1320 3376 Ethlll,
1365 3308 1377 3333 ·

171 3405 220 3470 10.
262 3401 397 3468 Eadem.
420 3396 491 3464 Eth.
514 3397 568 3480 lll,
595 3401 617 3465 2
639 3397 731 3484 (coll
753 3398 913 3466 Problem.
936 3396 1068 3481 XXIX,
1089 3400 1140 3466 28.
1164 3399 1206 3485 b.)
1233 3402 1320 3490 apud

170 3507 338 3599 Theophil.
360 3503 475 3573 Athen.
497 3502 526 3585 l,
548 3504 618 3572 ba.
662 3505 746 3574 Plut.
769 3506 851 3598 Opp.
863 3505 987 3576 hlorall
999 3530 1029 3596 p.
1042 3508 1115 3589 668,
1135 3529 1166 3595 p.
1181 3508 1264 3572 1128
1280 3506 1318 3573 Β.
1376 3556 1380 3563 -

170 3613 220 3700 (cl.
244 3612 333 3681 Stob.
352 3634 383 3702 p.
399 3610 491 3695 394),
520 3632 603 3700 quac
629 3612 656 3675 si
683 3635 758 3679 cum
785 3615 822 3679 iis
845 3614 1006 3694 conferas,
1035 3634 1118 3700 quac
1140 3611 1256 3678 Suidas
1279 3612 1320 3679 dc

168 3721 348 3789 Philoxeno
368 3717 531 3786 Leucadio
553 3725 675 3796 narrat,
704 3742 734 3783 v.
756 3716 946 3799 Φιλόξενος.
982 3712 1173 3806 ὀψοφαγία.
1210 3719 1321 3804 Τιμα-

166 3827 263 3915 χίδας
282 3822 428 3904 Ῥόδιος.
450 3850 480 3916 p.
492 3825 585 3890 3797.
607 3824 700 3893 2167.
723 3823 816 3890 3564.
860 3822 1010 3912 Eryxidis
1031 3821 1130 3889 lilium
1152 3846 1172 3888 a
1193 3820 1320 3891 Leuca-

170 3937 221 4003 dio
248 3959 314 4003 non
343 3936 505 4003 diversum
532 3954 603 3998 esse
630 3927 794 4018 probabile
823 3928 865 3995 lit.
920 3927 1073 3998 Leucadii
1101 3938 1209 3997 autem
1236 3927 1320 3998 lilius

169 4045 221 4110 avi
242 4044 367 4110 videtur
393 4063 511 4110 nomen
539 4037 704 4105 habuisse:
733 4036 888 4128 siquidem
919 4036 1012 4104 Arist.
1045 4035 1126 4104 Rau.
1149 4035 1209 4104 941
1232 4034 1320 4108 hunc

169 4150 285 4239 tangit:

205 4290 229 4360 ⁹)
248 4289 291 4344 Gt.
310 4293 453 4346 Brasrsm
470 4291 488 4344 Ι.
508 4291 525 4344 t.
542 4306 569 4358 p.
581 4290 625 4344 22.
