2798 4672
260 493 267 507 .
311 493 318 507 .
364 443 479 528 πρέπει
501 463 552 507 τοι
575 439 678 508 πᾶσιν
699 439 829 509 ἀοιδά.

155 543 372 632 ,λαβράκταις
395 543 513 626 Αἰολὶς
535 541 691 633 ἁρμονία.

199 653 279 721 lllox
299 663 407 722 autem
429 655 470 722 ad
491 653 731 723 harmoniarum
752 654 1025 748 perturbationem
1041 657 1277 724 diversissimae

114 771 321 826 accesserunt
341 761 530 852 clangorurn
552 784 736 854 vocumque
764 761 877 828 turbae
909 786 1091 855 magnaque
1113 762 1278 831 turbulen-

114 876 219 931 tarum
242 867 482 957 quisquiliarum
502 877 641 950 caterva,
663 893 743 960 quas
757 869 873 936 comici
887 867 1078 959 plerumque
1090 865 1279 957 μυρμηκιάς

116 971 169 1038 vel
189 969 408 1059 esparlonem
425 973 477 1041 vel
498 972 673 1060 νιγλάρους
695 974 859 1066 appellare
880 984 1127 1043 consueverunt
1172 977 1280 1066 Atque

115 1074 301 1164 μυρμηκιάς
321 1081 442 1170 optime
463 1081 650 1148 Passowius
673 1083 706 1148 in
727 1081 848 1149 Lexico
872 1080 966 1147 Tom.
984 1079 1021 1163 ll,
1040 1104 1071 1171 p.
1089 1082 1154 1148 208
1181 1081 1280 1148 inter·

117 1194 274 1275 pretatur:
294 1188 378 1266 „ein
399 1188 649 1255 musilroltsclrcs
671 1186 993 1275 Ametscnpelrribbcl
1012 1189 1085 1255 ιιιιά
1099 1187 1283 1256 (retractet

116 1290 178 1379 fiir
210 1294 263 1359 dic
292 1291 403 1366 orror
434 1295 495 1362 der
521 1296 713 1362 ertrrerr’
765 1295 821 1362 Sic
848 1291 998 1360 Pherecr.
1027 1293 1047 1360 l.
1070 1292 1090 1360 l.
1118 1292 1282 1362 Timothei

118 1397 333 1486 ἐκτραπέλους
354 1397 542 1485 μυρμηκιάς
563 1402 679 1490 carpit,
707 1423 804 1492 quem
833 1399 874 1467 ad
896 1399 1006 1467 locum
1026 1398 1163 1469 hlcineh
1187 1401 1282 1469 Com.

118 1503 170 1570 Fr.
195 1505 265 1572 Vol.
287 1504 323 1586 ll,
347 1508 374 1570 l.
396 1529 426 1596 p.
449 1507 523 1574 331.
557 1504 672 1597 „pitseo
699 1501 888 1592 μυρμηκιάς
909 1504 988 1572 nihil
1009 1505 1095 1573 alliud
1115 1505 1283 1597 signifieat,

119 1633 216 1701 quam
244 1610 408 1680 cantillare
439 1612 576 1705 aliquid,
609 1615 697 1704 quod
724 1623 857 1704 propter
882 1611 1102 1681 incredibilem
1129 1635 1283 1681 sonorum

119 1705 306 1784 varietatem
329 1728 362 1786 et
381 1719 579 1789 celeritatem
600 1721 806 1787 formicarum
828 1718 912 1785 ultro
933 1719 1079 1810 citroque
1102 1719 1283 1788 discurren-

120 1823 201 1888 tium
234 1822 472 1890 similitudinem
501 1825 651 1891 referat.’‘
700 1824 867 1910 Niylopos
900 1833 933 1890 et
961 1821 1182 1912 τερττίσμοιτα
1216 1826 1285 1893 lere

121 1929 303 2018 prorniscue
325 1938 520 2018 usurpantur
540 1951 599 2019 pro
630 1927 823 1995 chordarum
849 1937 906 1993 aut
932 1928 1081 1996 tibiarum
1112 1929 1285 2022 plusquam

122 2033 298 2101 artificiosis
328 2034 466 2101 modulis
497 2036 565 2118 (cir.
588 2032 731 2121 Hesych.
751 2033 787 2115 ll,
809 2056 841 2123 p.
863 2034 952 2117 682).
1008 2033 1154 2117 Etenim,
1187 2058 1286 2126 quam

123 2141 213 2208 verbi
234 2140 389 2226 νίμλυρος
408 2141 705 2229 interpretationem
726 2137 766 2205 R.
788 2141 911 2205 llanov.
933 2138 1051 2207 Exere.
1074 2139 1164 2208 Criu
1187 2163 1220 2232 p.
1242 2143 1286 2210 55

123 2246 269 2337 protulit:
298 2297 318 2329 „
326 2242 499 2334 νιγλάρους
528 2269 601 2312 esse
617 2267 736 2312 meras
756 2266 855 2311 voces
878 2243 992 2334 quihus
1015 2255 1104 2314 certa
1126 2247 1287 2338 quaedam

123 2351 310 2443 significatio
331 2375 398 2421 non
420 2356 566 2444 subjecta
595 2353 651 2434 sit,
685 2347 779 2441 quale
800 2349 952 2440 Aeschyli
973 2352 1016 2418 sit
1036 2352 1287 2442 φλαττοθράτ”

124 2483 178 2541 ου,
208 2460 369 2550 quomodo
396 2459 506 2527 locum
535 2458 617 2526 tucri
642 2457 761 2547 possit,
792 2478 858 2524 non
887 2456 992 2526 video.
1037 2457 1177 2547 Hesych.
1202 2462 1288 2528 enim

124 2564 280 2655 explicat:
299 2564 450 2657 riylopoc
471 2562 704 2653 τιρετίσματα·
725 2564 880 2651 περίεργοι
893 2560 1077 2651 κρούματα.
1099 2565 1194 2634 Phot.
1206 2565 1286 2636 Lex.

125 2697 155 2762 p.
178 2673 251 2738 300.
275 2673 307 2736 l:
330 2669 540 2758 νιγλαριύων,
561 2668 744 2758 τερετίζων·
775 2674 832 2736 καὶ
852 2669 872 2738 ὁ
894 2672 1048 2762 νὲμλοιρος
1068 2673 1290 2759 κρουματικῆς

126 2780 299 2845 διαλέκτου
335 2773 455 2862 ὄνομα.
492 2774 634 2863 Hesych.
668 2775 887 2861 τερετίσματα
914 2816 957 2828 —-
985 2778 1028 2843 τὰ
1055 2777 1114 2856 τῆς
1140 2774 1318 2866 κιθάρας,

126 2881 308 2974 κρούματα.
357 2882 423 2950 Clr.
450 2880 502 2948 Fr.
523 2878 770 2948 Bellermannus
792 2880 813 2948 l.
832 2881 854 2949 l.
876 2905 906 2972 p.
928 2885 971 2950 25
1000 2893 1034 2950 et
1060 2881 1112 2949 Fr.
1132 2883 1289 2952 Boisson-

126 2994 239 3060 nudius
261 2992 303 3059 ad
325 2989 510 3057 Zachariam
530 2984 763 3075 Mitylenaeum
777 3008 808 3076 p.
823 2986 896 3054 431.
941 2986 1039 3056 Tales
1059 2989 1156 3078 igitur
1176 2985 1290 3076 νιγλά-

128 3123 204 3186 ρους
226 3100 328 3189 carpit
348 3094 482 3187 Eupolis
503 3094 536 3161 in
558 3092 673 3161 Demis
694 3093 731 3159 lr.
753 3089 891 3160 XXVll.

351 3201 491 3268 τοιαῦτα
513 3201 628 3284 μέντοι
649 3196 851 3289 νιμλοριὺων
876 3195 1066 3287 κρούματα.

128 3313 225 3380 Tales
247 3313 280 3379 in
302 3309 464 3379 Timothei
486 3308 635 3397 operibus
658 3306 743 3374 male
764 3305 946 3373 habuerunt
967 3304 1195 3375 Pherecratem
1213 3309 1234 3376 l.
1252 3333 1291 3393 c.,

129 3420 208 3487 tales
230 3417 369 3508 denique
394 3417 428 3482 in
450 3412 581 3505 Lampri
603 3413 731 3496 Musici,
762 3435 847 3505 quae
872 3423 922 3481 est
941 3412 1073 3504 Bergkii
1095 3414 1289 3484 Commentt.

129 3550 160 3616 p.
182 3525 246 3590 396
268 3525 454 3614 conjectura
476 3521 664 3602 certissimo,
695 3518 916 3606 Phrynichum
936 3521 970 3588 in
992 3520 1029 3586 lr.
1044 3520 1160 3607 incert.
1184 3520 1205 3588 l.

171 3631 239 3719 [nat
266 3623 453 3716 oryltoipooc
474 3631 614 3714 θρηνεῖν
642 3628 679 3692 ἐν
708 3615 777 3692 οἷσι
797 3620 962 3712 Λάμπρος
989 3627 1249 3706 ἐναπέθνηοκιν,

169 3731 352 3825 ἄνθρωπος
372 3730 420 3799 τάν
440 3729 671 3816 ὑδατοπότας,
690 3731 827 3820 μινυρὸς
849 3729 1104 3820 ὑπερσοφιστής,

172 3844 324 3911 Μουοῶν
344 3838 503 3923 σκελετός,
524 3836 679 3920 ἀηδόνων
699 3837 858 3920 ἠπίαλος,
879 3832 982 3924 ὕμνος
997 3830 1120 3904 Ἅιδου.

131 3975 194 4042 quo
211 3952 251 4017 de
269 3950 342 4017 loco
357 3951 456 4016 miror
470 3947 628 4037 Lessingii
643 3946 863 4036 longissimam
879 3946 1126 4037 disputationem
1143 3942 1235 4010 Τοιυ.
1250 3945 1292 4026 V,

130 4081 160 4148 p.
187 4059 248 4124 195
270 4056 374 4146 (Lips.
397 4057 496 4139 1840)
528 4079 547 4122 a
576 4053 735 4122 llleinekio
768 4052 864 4145 plane
896 4073 961 4120 non
994 4059 1176 4143 respectam
1210 4073 1292 4119 esse.

129 4164 190 4230 llic
213 4165 298 4230 enim
320 4162 379 4231 sub
402 4161 500 4230 vcrho
521 4154 655 4250 Λάρους
677 4159 866 4228 comoediae
887 4157 988 4228 lutere
1009 4155 1136 4228 titulum
1157 4179 1223 4225 non
1244 4160 1294 4225 in·

131 4269 218 4336 sulse
246 4272 436 4359 conjecerat.
486 4267 637 4359 Namque
665 4268 764 4336 etiam
783 4265 994 4337 Pherecrates
1024 4263 1165 4336 tabulam
1187 4263 1296 4353 Λῆροι
