2798 4672
162 224 241 297 200

164 403 293 473 Baccho
316 405 500 495 conjectura
521 402 667 471 facienda
690 412 786 486 esset,
806 402 899 472 facile
920 405 947 470 is
963 403 1004 470 de
1020 399 1151 471 Baccho
1166 399 1326 470 Thebano

163 509 310 579 Semeles
333 509 396 576 filio
420 511 584 600 cogitaret,
607 512 634 576 si
655 534 698 577 ex
719 509 940 599 Aeschylo⁰³)
964 510 1005 578 de
1026 509 1196 577 furibundo
1219 506 1327 577 Thra-

165 640 240 684 cum
262 615 492 706 Phrygumque
515 617 591 698 deo,
621 619 649 682 si
671 641 713 684 ex
735 617 874 683 Pindaro
888 620 938 700 Ν)
959 616 998 683 de
1021 615 1164 698 Bromio,
1184 617 1213 682 si
1234 615 1335 682 deni-¹

167 745 229 814 que
253 745 295 788 ex
315 722 434 790 Nonno
448 727 497 808 ⁰³)
528 723 568 789 de
597 722 720 790 Jaccho
744 724 871 790 Cereris
899 725 932 788 in
953 721 1124 788 Eleusiniis
1151 743 1328 788 assessore.

165 828 275 918 ltaque
298 829 418 893 factum
441 838 503 910 est,
532 838 569 894 ut
591 829 808 919 dithyrambus
831 828 1016 919 simphciter
1044 828 1203 894 diceretur
1223 816 1329 911 siurac

166 926 213 1011 εἰς
226 931 402 1002 Attentos.
425 933 556 1018 (Pollux
567 933 647 1001 Lex.
661 935 683 1018 l,
696 936 727 1001 3.
747 934 853 1002 Procl
870 934 1050 1002 Chrestom.
1062 958 1093 1024 p.
1104 933 1177 999 419.
1201 931 1329 999 Timaei

166 1039 247 1107 Lex.
268 1041 395 1109 Platon.
415 1063 446 1129 p.
468 1042 520 1106 84.
541 1039 668 1107 Ruhnk.
692 1040 797 1107 Gloss.
820 1041 975 1108 Herodot.
997 1064 1028 1131 p.
1051 1041 1126 1123 606)
1157 1047 1255 1129 atque
1276 1060 1328 1105 ar-

169 1155 396 1236 gumentorum
425 1145 520 1212 simul
542 1171 668 1212 summa
697 1149 875 1214 exoriretur
901 1147 1054 1228 varietas,
1084 1167 1185 1236 quum
1211 1153 1330 1236 poetae

170 1250 405 1343 dithyrambici,
437 1275 574 1347 quorum
597 1255 624 1319 si
646 1251 846 1319 Scholiastae
876 1253 917 1320 ad
939 1253 991 1319 Ar.
1015 1252 1095 1319 Avv.
1120 1251 1204 1317 1408
1226 1251 1330 1318 credi-

168 1371 257 1439 mut,
288 1346 353 1424 non
382 1341 866 1449 parra'co‘pl'a*exstabat,²'ad
893 1344 1038 1450 ejusdam
1052 1342 1332 1448 usqud'civi't'itla'

169 1464 367 1530 narrationes
390 1464 565 1531 Bacchicas
588 1489 624 1531 se
645 1464 892 1541 tcttmmodare
919 1465 1098 1547 studerent,
1126 1466 1217 1556 cujus
1235 1466 1331 1556 jussu

171 1591 301 1634 carmen
326 1572 403 1658 ipsis
431 1571 612 1637 canendum
642 1580 735 1636 esset.
785 1571 882 1637 Solus
906 1570 1142 1639 Grammaticus
1169 1570 1330 1659 Anonym

171 1673 316 1739 Crameri
338 1675 458 1741 Anecd.
481 1675 593 1742 Graec.
618 1675 746 1742 Oxonn.
765 1676 838 1744 Vol.
862 1676 917 1759 lV,
938 1701 968 1765 p.
991 1675 1064 1741 314.
1096 1670 1331 1761 Διθύραμβός,

171 1781 228 1860 ait,
256 1779 326 1844 ἐστι
347 1779 478 1864 ποίημα
507 1779 589 1867 πρὸς
611 1777 775 1848 Διόνυσον
799 1778 964 1867 διδόμενον
985 1776 1007 1862 ἢ
1028 1781 1109 1869 πρὸς
1127 1776 1331 1848 Ἀπόλλωνα

60 1968 63 1973 ⁴
171 1886 366 1971 περιπλοκαὶ
390 1888 544 1977 ἱστοριῶν
557 1887 693 1965 οἰκείως.
725 1889 865 1978 Egregie
877 1890 1015 1979 quidem.
1059 1891 1134 1956 Jam
1155 1910 1234 1955 vero
1255 1910 1331 1956 cum

170 1993 204 2057 in
234 1991 361 2082 hymnis
395 1995 454 2060 tria
485 1997 688 2085 potissimum
722 2004 984 2084 argumentomm
1022 2017 1142 2084 genera
1176 1992 1331 2061 celebrari

170 2110 314 2188 possent,
336 2098 646 2192 quemadmodum
667 2096 859 2169 Welckerus
883 2096 903 2167 l.
925 2098 945 2166 l.
969 2101 1088 2191 optime
1110 2109 1253 2182 annotat,
1273 2121 1331 2167 na·

171 2203 253 2270 tales
279 2228 397 2297 nempe
423 2209 553 2297 nuptiae
582 2219 677 2299 atque
704 2211 855 2277 decessus
884 2231 902 2272 e
929 2208 1011 2289 vita3
1044 2205 1165 2274 Bacchi
1190 2228 1270 2274 vero
1299 2214 1331 2273 et

173 2309 325 2376 natalium
347 2311 432 2378 haud
454 2338 578 2404 paucae
592 2311 790 2379 narrationes
805 2312 1015 2395 traderentur,
1037 2335 1159 2403 eaeque
1179 2306 1332 2407 mirificae

173 2415 364 2507 plerumque
386 2441 424 2484 ac
445 2419 639 2508 stupendae,
667 2418 782 2485 deinde
810 2441 853 2484 ex
874 2419 1040 2487 connubiis
1060 2419 1160 2509 ipsius
1180 2419 1333 2508 usqum

173 2522 301 2587 tissimis
324 2523 484 2591 Ariadnes·
501 2527 704 2614 potissimum
725 2533 916 2591 canerentur
937 2525 1087 2607 „additi
1107 2522 1241 2591 stellis
1260 2522 1333 2591 ho·

173 2634 335 2709 nores;''
367 2629 505 2719 denique
535 2631 648 2720 quovis
676 2653 759 2696 anno
789 2630 943 2699 decessus
964 2633 1064 2722 ipsius
1085 2652 1161 2697 cum
1181 2627 1336 2697 luctu-nc

173 2730 380 2822 plangoribus
405 2735 589 2820 defleretur3
612 2745 756 2827 apparet,
778 2745 897 2826 quanta
915 2736 1096 2805 fabularum
1114 2734 1209 2825 sylva
1227 2736 1336 2825 poetis

175 2837 216 2904 ad
246 2841 417 2929 pangenda
446 2841 676 2932 dithyrambica
706 2845 848 2911 carmina
879 2862 1034 2911 concessa
1063 2851 1162 2911 esset.
1203 2842 1335 2911 ¹Verum

173 2953 292 3027 tamen,
312 2948 340 3011 si
363 2949 433 3036 quis
454 2948 527 3014 ideo
549 2948 678 3016 licuisse
700 2951 802 3038 poetis
816 2950 1334 3040 putaverit.qu0dris-argumen·

175 3059 244 3118 tum
264 3051 461 3121 Bacchicum
483 3055 597 3144 quovis
618 3064 755 3121 tractare
776 3064 932 3145 tempore,
959 3057 987 3122 is
1008 3055 1146 3125 multum
1162 3055 1333 3136 erraverit3

177 3151 283 3246 quode
318 3169 427 3226 tamen
459 3171 495 3227 ut
524 3160 670 3253 judicare
696 3163 877 3227 accuratius
911 3162 1090 3251 possimus,
1119 3161 1334 3250 de-tempore

174 3265 313 3351 primum
335 3266 509 3333 videndum
531 3277 589 3349 est,
612 3288 675 3357 quo
698 3267 827 3334 edoceri
846 3267 943 3356 cyclii
954 3265 1046 3335 chori
1064 3265 1214 3339 solerent.
1259 3266 1335 3351 Qua

176 3367 216 3433 de
245 3392 295 3450 re,
329 3394 524 3462 quamquam
553 3374 609 3462 qui
639 3382 788 3439 accurate
817 3373 1031 3462 inquisiverit,
1063 3373 1132 3441 seio
1159 3373 1333 3455 nemiuem,

175 3482 292 3556 tamen,
315 3478 369 3565 qui
389 3487 543 3569 tanquam
566 3479 606 3544 de
627 3502 663 3545 re
683 3480 761 3545 satis
783 3478 953 3568 explorata,
973 3479 1131 3560 dixerunt,
1159 3479 1238 3545 novi
1257 3498 1335 3569 per·

176 3580 307 3664 multos,
331 3607 412 3673 quos
432 3586 515 3652 inter
536 3583 725 3667 Luetckius,
745 3585 801 3675 qui
822 3608 865 3651 ex
885 3588 1031 3676 professo
1053 3604 1123 3655 tem
1144 3585 1249 3674 attigit
1267 3583 1289 3653 l.
1305 3583 1334 3651 h

175 3711 205 3776 p.
228 3689 270 3754 59
292 3690 334 3756 ad
355 3689 440 3759 Plut
463 3691 483 3757 l.
504 3690 525 3757 l.
552 3713 612 3757 nos
644 3690 811 3779 ablegasse
839 3693 914 3759 satis
942 3691 1066 3773 habuit,
1097 3691 1185 3761 undo
1210 3689 1334 3780 cyclios

175 3792 291 3874 choros
318 3795 447 3864 hiemali
473 3806 618 3885 tempore
637 3797 811 3889 'institutos
838 3799 937 3867 [uisse
964 3808 1141 3889 appareat·
1159 3797 1333 3867 ·Graelen·

175 3948 377 3977 *who-*ffl—

213 4059 250 4124 ⁹³)
268 4060 300 4112 lr.
319 4078 362 4129 ap.
382 4065 452 4114 l’lnt.
472 4063 551 4115 Torn.
570 4065 616 4127 tx,
636 4080 660 4129 p.
680 4064 731 4114 228
751 4067 778 4113 et
795 4080 837 4130 ap.
857 4064 944 4116 Strab.
964 4081 990 4131 p.
1008 4066 1070 4118 639.

212 4146 248 4209 ⁹⁴)
266 4147 300 4200 ir.
319 4150 353 4200 46
370 4151 467 4214 Bergk.
1013 4186 1016 4191 -
1063 4176 1066 4183 ·

211 4231 248 4296 ³⁵)
266 4231 377 4298 Dionys.
399 4237 502 4291 xtttx.
