2798 4672
459 535 856 628 PRAEFATIO.

584 765 734 778 m

79 918 193 1052 cnm
220 997 241 1047 a
273 974 481 1067 tragicorum
508 964 705 1061 Geminique
736 964 884 1038 lectione
911 988 1054 1058 recens,
1088 965 1131 1038 ad
1157 987 1244 1061 per-

78 1095 246 1190 legendos
272 1086 580 1188 Deipnosophistas
606 1107 662 1157 mc
689 1083 880 1175 dedissem,
910 1096 947 1158 ut
973 1089 1002 1160 si
1029 1089 1176 1182 quaein
1204 1087 1245 1158 iis

82 1216 297 1287 scenicorum
329 1219 509 1306 poetarum
541 1205 688 1279 laterent
723 1203 887 1312 reliquiae
918 1208 1060 1302 pristino
1094 1204 1245 1279 nondum

81 1334 256 1407 restitutae
280 1330 397 1419 nitori‚
428 1326 551 1400 iisdem
576 1348 643 1419 ego
670 1323 930 1416 auxiliatricem,
958 1327 987 1399 si
1013 1323 1089 1397 fieri
1114 1335 1247 1421 posset,

80 1473 216 1524 manum
248 1449 490 1537 admoverem,
530 1462 612 1518 casu
642 1445 762 1517 nescio
799 1465 866 1538 quo
902 1446 939 1516 in
971 1444 1247 1541 desperatissima

80 1571 167 1644 libro
195 1570 245 1643 IV
271 1571 403 1642 intexta
435 1556 559 1658 ecloga
593 1561 807 1636 Philoxenea
841 1562 964 1638 diutius
996 1574 1162 1638 moratum
1195 1565 1249 1636 rei

82 1689 261 1763 difficultas
274 1711 357 1761 mox
370 1695 552 1782 tantopere
568 1705 625 1756 me
638 1683 804 1774 incitavit,
823 1692 860 1754 ut
875 1686 1049 1777 congestis
1062 1685 1248 1757 undecun-

82 1832 148 1904 que
176 1819 210 1881 et
229 1807 391 1882 Convivii
418 1817 453 1878 et
478 1803 678 1877 melioorum
705 1801 891 1874 carminum
915 1801 1129 1896 fragmentis,
1155 1806 1248 1876 ima-

82 1930 198 2020 ginem
223 1925 391 2022 qrandam
417 1925 483 2000 viri
505 1920 708 1995 adumbrare
731 1920 915 1993 studerem.
969 1922 1069 2008 Quod
1086 1944 1162 1994 cum
1178 1944 1248 2004 non

83 2067 189 2138 posse
215 2042 291 2116 fieri
316 2066 400 2117 mox
424 2042 651 2136 intelligerem
679 2049 758 2112 ante
785 2061 884 2132 quam
911 2049 1014 2112 totam
1028 2039 1109 2110 mihi
1128 2039 1248 2133 dithy-

85 2161 281 2233 ramborum
314 2163 410 2255 qnasi
443 2161 566 2234 faciem
598 2167 934 2256 repraesentassem‚
966 2158 1066 2233 brevi
1098 2181 1154 2231 mo
1179 2167 1249 2230 tum

83 2275 202 2374 lyricis
230 2300 306 2352 cnm
333 2278 588 2376 dithyrambicis
615 2280 817 2374 praesertim
845 2279 1100 2374 quaestionibus
1117 2281 1162 2350 ita
1178 2279 1248 2349 im·-

84 2399 233 2494 plicitnm
259 2401 441 2494 conspexi,
467 2409 504 2472 ut
529 2395 716 2473 schedulae
743 2419 819 2468 cum
845 2399 1007 2472 redactae
1033 2402 1068 2471 in
1093 2398 1249 2471 ordinem

86 2528 203 2590 essent
229 2517 548 2612 conglutinataeque
575 2527 714 2613 praeter
734 2521 1026 2613 exspectationem
1047 2520 1249 2592 succrevis-

86 2647 163 2708 sent
189 2636 231 2707 ad
258 2636 334 2726 libri
353 2636 526 2728 ambitum,
552 2658 652 2731 quem
672 2638 701 2707 si
719 2637 890 2729 integrum
907 2660 998 2710 nunc
1012 2638 1124 2710 lucem
1141 2660 1249 2732 spec-

85 2765 160 2827 tare
186 2755 355 2850 publicam
378 2755 499 2848 jubeo,
527 2778 597 2828 non
623 2777 765 2845 vereor,
792 2777 837 2828 ne
857 2756 1035 2830 molestum
1056 2759 1250 2850 ingratum-

87 2895 153 2966 que
187 2876 370 2968 injungere
405 2875 591 2948 lectoribus
622 2874 776 2946 laborem
812 2874 954 2948 videar:
999 2879 1162 2968 reputatis
1196 2879 1250 2966 iis,
1327 2867 1332 2874 ⁴

87 3014 174 3085 quae
199 2993 407 3088 Bippartiani
433 2994 510 3066 libri
538 2994 693 3067 censuris
727 2991 871 3088 praelati
898 3001 975 3066 sunt
1002 2992 1250 3066 Schneidewi-

87 3132 152 3182 nus
175 3111 437 3209 Kayserusque‚
464 3113 521 3186 ille
546 3116 581 3185 in
607 3111 879 3184 Erudd.Nuncc.
895 3111 1069 3205 Gottingg.
1085 3136 1117 3207 p.
1136 3112 1259 3204 1373,Ι

87 3228 141 3298 lric
168 3230 297 3305 Nuncc.
312 3232 467 3304 lllonacc.
484 3255 535 3302 nr.
553 3231 639 3322 138,
655 3255 687 3327 p.
703 3231 763 3301 67.
817 3231 936 3325 ltaque
958 3234 1030 3322 jam
1056 3232 1166 3305 vade
1192 3231 1251 3303 li-

89 3345 183 3416 bert
249 3348 411 3425 Ceterum
437 3349 627 3446 praeiendo
654 3348 815 3421 nonnulla
839 3349 1032 3444 proferam.
1060 3373 1148 3444 quae
1174 3350 1253 3423 addi

89 3464 230 3558 singulis
257 3468 423 3564 capitibus
446 3469 567 3544 velim:
595 3467 764 3561 Ad.p.8‚
784 3466 842 3539 19.
870 3462 1040 3562 Μύρμηξ
1062 3464 1081 3537 ὁ
1109 3465 1253 3542 διαλεκ-

87 3579 186 3662 τικὸς
213 3581 416 3682 φιλόσοφος
442 3595 726 3661 commemoratur
749 3609 769 3658 a
790 3587 892 3680 Diog.
908 3589 1019 3660 Laert.
1034 3587 1080 3678 ΙΙ,
1101 3587 1251 3679 11,113

88 3711 123 3774 et
150 3701 268 3798 Steplr.
284 3706 371 3801 Byr.
391 3707 768 3802 promovissem:
801 3747 845 3758 -
873 3731 905 3802 p.
927 3707 990 3797 17,
1010 3707 1070 3780 28.
1101 3706 1252 3779 Schnei-

90 3821 248 3895 dewinus
267 3830 358 3918 conj.
386 3826 435 3904 εἰς
454 3821 500 3896 ud
516 3820 598 3918 περὶ
615 3818 815 3917 rsa-droca:
844 3867 892 3878 —
919 3850 950 3921 p.
969 3825 1032 3915 44,
1051 3824 1084 3900 6.
1112 3824 1252 3898 Plenius

93 3939 212 4014 eadem
239 3941 342 4016 babet
366 3945 479 4040 Etym.
501 3943 587 4016 Gud.
606 3944 695 4032 302,
710 3943 759 4014 26
787 3944 925 4018 additis:
951 3940 1014 4015 καὶ
1039 3939 1191 4042 ὀγνῆται
1217 3941 1253 4014 οἱ

91 4049 218 4145 ῥόδιοι.
267 4062 363 4156 Lege
383 4058 539 4160 ’lycapsos
557 4061 591 4134 οἱ
613 4055 749 4133 ‘Pddroc
768 4063 820 4136 cll.
835 4063 948 4158 Apoll.
968 4063 1110 4157 nyseni.
1126 4087 1156 4158 p.
1177 4063 1252 4135 548

91 4174 204 4248 Stura.
234 4191 268 4252 et
294 4182 445 4275 llesycb.
464 4184 560 4254 Tom.
581 4182 626 4274 ΙΙ,
642 4205 673 4277 p.
695 4181 742 4252 16
771 4181 826 4252 ubi
854 4184 943 4254 inter
968 4180 1000 4252 ll.
1023 4181 1054 4253 ll.
1084 4181 1125 4252 ab
1148 4182 1250 4274 intpp.
