2798 4672
181 231 234 305 80

265 407 340 478 ἀλλ
361 409 398 477 ἐν
418 407 607 501 ἁρμάτειοι
627 408 819 502 διφρούχοις
832 412 1056 502 Qtyvpoogovr
1086 412 1144 491 ἀν’,
1171 413 1264 493 εὔδι’·
1282 415 1346 495 ἅλι

209 540 211 545 ·
427 590 431 597 ,
525 540 600 586 oso
621 518 763 588 πολλάκι
771 517 913 611 rippale
933 525 1039 613 ιρρένα
1054 524 1266 612 repnope'vor
1337 578 1342 585 .

266 621 460 715 ἱερόδακρυν
489 625 632 712 λίβανον
656 623 788 707 εὐώδεις
816 651 852 694 re
880 628 1045 716 polaenae
1060 630 1189 707 κασίαν
1215 654 1266 699 τε
1277 655 1345 701 αα·

536 733 653 800 τιῦσαι
1178 764 1181 768 ·

265 842 378 928 τέρενα
401 838 510 928 Σύρια
531 842 718 927 σπέρματα.

176 946 338 1015 Nimirum
356 948 483 1015 videtur
504 946 586 1015 haec
607 948 715 1015 fabula
737 969 859 1017 nomen
878 971 898 1015 a
919 947 1017 1026 choro
1040 908 1252 1021 Danaidum
1248 976 1343 1025 acoez

176 1054 263 1144 pisse
286 1078 421 1145 quarum
448 1076 523 1121 cum
548 1052 576 1120 L
603 1055 722 1123 luerint
752 1065 830 1145 quot
856 1055 1060 1123 histrionibus
1089 1059 1275 1150 antiquum
1271 1084 1342 1151 cy

164 1159 275 1227 clium
303 1161 485 1226 constitisse
516 1157 653 1235 chorum
676 1161 841 1243 novimus,
875 1159 1010 1253 hujusce
1041 1163 1168 1231 fabulae
1201 1175 1341 1235 aetatem

177 1288 249 1333 eam
271 1266 370 1332 luisse
392 1274 539 1355 apparet,
565 1274 608 1336 ‚ut
629 1267 747 1341 seniori
773 1265 978 1333 solummodo
1001 1268 1209 1360 blelanippidi
1235 1273 1340 1347 vindi.-

176 1372 243 1438 cari
262 1372 371 1459 possit
415 1371 637 1439 Emendarunt
658 1373 883 1462 fragmentum,
907 1374 993 1462 quod
1015 1377 1047 1443 in
1070 1376 1163 1444 coda
1181 1376 1339 1455 Athenaei

175 1476 474 1566 depravatissimum
496 1475 620 1566 legitur,
644 1478 764 1546 Jacobs
788 1479 957 1545 Anirnadv.
972 1478 1087 1548 Athen.
1103 1483 1218 1572 5342
1241 1483 1339 1559 uia-

175 1583 246 1651 rillo
263 1583 420 1649 Observv.
437 1583 564 1672 crittp.
581 1584 651 1648 lll.
694 1581 864 1674 Emperius
886 1586 1088 1676 Zcitscbre'ft
1109 1588 1173 1678 fiir
1186 1591 1338 1667 auertit

178 1689 269 1755 1835.
298 1712 329 1778 p
347 1689 396 1760 10.
435 1686 630 1763 ¹bleinelrius
648 1688 753 1762 Com
771 1689 803 1756 F
798 1713 905 1779 ragrn
927 1690 993 1781 lll,
1000 1715 1044 1782 .p.
1057 1695 1141 1769 575.
1176 1695 1337 1786 Berglrius

174 1792 264 1861 PL.
281 1793 334 1862 Gr.
350 1818 381 1884 p.
394 1795 467 1860 847.
501 1776 627 1875 Tamen
647 1817 689 1862 ne
712 1797 757 1863 sic
780 1797 1337 1933 quidemnihilmihioonigendum

173 1911 349 1997 supererat.
392 1901 579 1969 bletrum
553 1924 601 1968 ιιι
621 1903 784 2035 procedit:
1242 1958 1270 1969 ..
1334 1958 1337 1965 .

170 2680 201 2721 v.
218 2655 246 2719 1.
269 2645 315 2731 οιί
332 2647 395 2737 γὰρ
416 2642 621 2773 ἀνδρρὶιιωι)
643 2645 823 2735 Emperius,
848 2670 943 2736 quem
958 2648 1102 2737 sequitur
1117 2596 1332 2732 Batinna,

169 2759 277 2849 pase
299 2757 452 2847 conjecit.
478 2751 520 2822 οὐ
541 2754 739 2842 παρθένιοι,
769 2777 867 2820 sensu
887 2752 982 2844 plane
1004 2763 1213 2874 repugnante.
1257 2753 1336 2829 Hoc

170 2866 256 2931 enim
276 2861 346 2929 vult
367 2861 659 2952 blelanippidesz„
667 2861 743 2930 Non
772 2859 846 2927 illae
875 2860 1005 2951 quidem
1030 2861 1173 2925 virorum
1199 2880 1334 2950 reprae-

169 2972 338 3038 sentabant
354 2970 469 3036 faciem
491 2979 588 3060 atque
608 2969 792 3088 imaginem,
813 2989 875 3033 nec
897 2975 1005 3037 tamen
1025 2965 1173 3035 muliebri
1192 2965 1331 3055 degendi

168 3079 282 3144 rationi
303 3101 375 3144 sese
397 3085 544 3183 assuetas
566 3075 736 3196 gerebant3
758 3076 823 3140 imo
845 3074 978 3140 veroin
1001 3071 1132 3139 essedas
1153 3069 1329 3147 insilientes

169 3184 364 3252 exercebant
384 3205 529 3273 corpora,
552 3184 740 3272 animosque
762 3181 917 3264 (virorum
936 3179 1048 3264 instar)
1069 3179 1209 3245 terarum
1227 3200 1329 3245 vena·

111 3342 114 3347 .
169 3291 256 3357 tione
287 3287 489 3370 relaxabant,
516 3288 632 3378 spretis
665 3288 847 3376 graminum
886 3286 1032 3368 floribus,
1072 3305 1153 3375 quos
1184 3282 1333 3359 nuculeu-

168 3404 240 3461 rent
274 3391 426 3481 pedibus,
460 3416 525 3460 non
559 3392 762 3482 colligerent,
795 3394 842 3461 uti
872 3393 1012 3482 virgines
1041 3391 1223 3457 adamant.”
1263 3388 1328 3467 lta-

168 3521 232 3589 que
253 3493 446 3585 ἀνθρώπων
454 3498 493 3565 'b
509 3499 531 3566 l.
554 3499 640 3567 idem
662 3509 759 3590 atque
781 3495 912 3584 ἀνδρῶν
934 3498 1029 3578 valet,
1049 3505 1086 3564 ut
1108 3490 1327 3583 Odyslel,

166 3607 225 3672 49.
240 3644 283 3654 -
303 3604 457 3694 μορφᾶεν
476 3593 577 3693 εἶδος]
607 3605 710 3674 Codd.
738 3603 879 3693 μορφὰν
903 3604 1041 3684 ἐιιῑδος,
1043 3601 1152 3675 unde
1175 3601 1247 3690 ipse
1268 3597 1334 3681 alia

167 3712 296 3802 quando
323 3711 516 3780 retinueram
537 3710 674 3798 μορφὰν
694 3709 935 3800 ἐνειδοφόριιιν.
975 3709 1085 3779 Verbo
1108 3706 1329 3796 ἐνειδοφοριμ.
1358 3716 1361 3723 “

165 3841 243 3885 usus
267 3827 317 3884 est
339 3818 504 3909 Meleager
524 3817 586 3887 ΧΠ
607 3817 716 3886 Graes.
738 3820 833 3907 poe.
877 3818 959 3885 At
951 3815 1117 3905 ingeniose
1138 3814 1327 3904 Emperius·

164 3923 317 4012 μορφᾶεν
337 3912 434 4002 εἶδος.
476 3925 605 3992 Priores
628 3933 844 3991 tentaverant:
870 3920 1007 4009 μορφὰν
1026 3923 1084 3989 καὶ
1105 3907 1193 3998 εἶδος
1214 3929 1272 3987 aut
1290 3918 1327 3985 ἐι

164 4031 252 4113 εἴδει,
273 4054 379 4121 neque
402 4031 581 4110 defuerunt,
611 4053 670 4120 qur
657 4027 803 4096 ἐνιδεῖν
824 4031 1098 4121 conjicerent
1094 4052 1166 4099 .v.
1188 4029 1224 4095 2
1247 4021 1327 4093 oter

165 4133 314 4222 διαίταν]
337 4137 450 4228 scripsi
472 4143 623 4203 monente
644 4133 819 4203 Boeckbio
872 4134 1030 4226 Berglius
1052 4131 1131 4201 οὐδὲ
1151 4131 1216 4199 τάν
1233 4130 1327 4201 ,διαί-

59 4306 63 4315 ,
164 4263 243 4326 ταν,
272 4239 358 4309 haud
385 4245 467 4324 scio,
498 4265 539 4311 an
562 4240 654 4309 metri
677 4239 875 4310 detrimento
930 4241 1055 4333 Vulgo:
1085 4235 1210 4324 αδιᾶν,
1238 4239 1327 4311 unde
