2798 4666
1232 249 1286 325 53

117 422 213 516 p.,VI
224 420 294 494 VII
331 421 539 499 Schneidew
558 424 609 494 Fr
633 427 788 496 Simonid.
810 429 909 520 praef.
927 451 958 519 p.
970 426 1113 499 XLVIII.
1132 428 1181 500 II.
1204 431 1282 500 Hia-

117 543 182 600 tum
202 533 238 599 in
254 530 354 622 longa
373 529 507 620 syllaba,
529 555 613 622 quae
635 543 684 600 est
703 536 737 601 in
760 558 822 602 arsr
813 535 993 602 habemus
1007 560 1038 601 v.
1050 535 1100 602 33
1107 533 1289 623 νρέαόαέ,

117 661 316 730 quamquam
349 635 462 728 Bergk
493 637 611 705 ibidem
643 639 731 706 dedit
764 637 832 728 κρέ
863 636 968 707 ὀπτά
1006 650 1038 707 et
1065 648 1096 708 ν’.
1110 642 1187 708 2“’
1169 646 1288 731 eropon.

116 741 227 812 ἄλλοι.
283 743 580 834 llrequentissimus
607 755 717 812 autem
747 770 814 837 ap.
811 747 1043 815 Phionenum
1069 768 1198 842 <proque
1227 749 1281 819 ille

117 852 223 920 hiatus
237 860 311 933 est,
335 873 398 942 quo
419 849 518 940 longa
539 849 663 939 syllaba
682 862 759 938 ante
780 853 928 921 vocalem
956 853 1133 943 corripitur.
1175 881 1206 922 v.
1227 859 1285 924 28.

117 960 172 1024 καὶ
201 951 314 1043 demde.
350 966 380 1023 ν.
403 957 456 1022 48.
476 952 628 1041 Βακχίου
653 953 825 1043 εὔδροσον.
862 985 893 1026 ν.
915 959 967 1026 34.
993 955 1101 1048 χορόά
1115 960 1280 1050 ⁴I⁹-·⁹I·

118 1065 170 1134 IV.
194 1063 424 1154 Correptiones
446 1063 592 1129 brevium
613 1063 774 1132 vocalium
805 1076 880 1132 ante
903 1075 1027 1132 mutam
1056 1090 1131 1134 cum
1160 1067 1282 1159 liquida

118 1173 304 1260 frequentes
331 1178 424 1252 sunt;
452 1178 527 1236 ante
552 1171 595 1252 ist
624 1194 655 1236 v.
677 1169 708 1235 3.
738 1165 941 1257 ὑψιλύχνους
962 1175 1153 1263 [ww-J.
1196 1200 1227 1240 ν.
1249 1176 1280 1242 5.

119 1279 240 1363 τέχνας
268 1275 373 1364 [ea—l.
424 1299 455 1340 v.
480 1277 510 1341 2.
540 1276 634 1363 μέχρι
662 1275 772 1364 [vul
816 1303 846 1345 v.
873 1281 925 1347 57.
954 1277 1101 1370 ἀράχνας
1130 1283 1279 1370 [uu—l

119 1384 160 1451 V.
189 1382 361 1450 Mensurae
383 1380 572 1471 ambiguitas
595 1406 661 1451 non
691 1384 753 1450 nisi
777 1384 810 1450 in
838 1386 893 1449 Uo
922 1389 1094 1477 reperitur,
1122 1387 1281 1478 siquidem

119 1515 147 1557 v.
172 1490 222 1556 15.
246 1479 458 1576 ἰσοτράπεζος
480 1511 665 1556 mensuram
686 1488 783 1557 habet
803 1489 887 1558 hanc
908 1492 1142 1581 [wo-vl
1174 1518 1205 1559 v.
1231 1495 1280 1558 11.

119 1589 291 1672 ἰσόκυκλος
319 1594 403 1663 hanc
426 1595 615 1683 [uu-vl
652 1595 717 1662 Cir.
746 1593 848 1662 Lehrs
876 1598 1021 1682 Quaestt
1051 1600 1133 1690 Epp.
1154 1622 1185 1690 p.
1206 1599 1280 1664 272.

119 1702 170 1771 Vl.
194 1703 462 1769 Contractionum
482 1723 583 1768 uuum
613 1711 720 1768 exstat
747 1701 940 1791 exemplum.
980 1731 1011 1773 v.
1034 1707 1086 1774 43.
1116 1699 1282 1782 ἰοθαλέας

119 1810 317 1902 [w—-h
343 1803 488 1898 ἀργυρέᾳ
510 1807 729 1876 choriambum
757 1807 853 1874 efficit
873 1833 903 1875 v.
925 1810 976 1876 44.
996 1813 1152 1898 χρυσέαις
1173 1821 1282 1879 autem

118 1945 175 2011 pro
201 1919 342 2008 χρυσαῖς
368 1939 398 1981 v.
426 1915 478 1980 51.
506 1937 581 1980 curn
609 1914 767 1984 Meinelsio
799 1924 902 1982 metro
933 1916 1117 2005 postulante
1148 1919 1281 1984 restitui.

117 2026 184 2095 VII
207 2026 274 2091 Pro
297 2023 418 2108 κρέατα
439 2020 619 2087 breviorem
640 2022 777 2086 formam
796 2020 924 2086 admisit
940 2046 970 2086 v.
983 2021 1026 2103 33
1046 2022 1159 2087 ultima
1175 2021 1283 2109 longa,

116 2143 219 2222 atque
240 2152 301 2219 pro
323 2127 427 2213 μέλιτι
449 2127 527 2193 dixit
547 2152 578 2193 v.
594 2130 633 2192 17
651 2137 685 2193 et
703 2128 745 2190 68
766 2126 841 2210 μέλι
863 2125 921 2191 sed
944 2124 1054 2192 ultima
1075 2126 1174 2208 brevi,
1195 2125 1282 2216 quod

114 2245 305 2305 memoratu
332 2233 460 2324 dignum
482 2243 539 2300 est.
588 2232 739 2298 Fortasse
768 2230 832 2298 huc
860 2232 956 2297 etiarn
982 2233 1121 2321 pertinet
1147 2231 1283 2300 verbum

116 2343 302 2412 Philoxeno
329 2342 493 2431 proprium
520 2334 687 2430 εὐγνήτων
706 2361 766 2429 pro
788 2335 962 2430 ιύχενιτοῑν
982 2339 1034 2423 (ο1.
1056 2365 1086 2405 v.
1108 2340 1163 2425 46)
1185 2362 1283 2430 quam

118 2453 256 2517 formam
279 2447 488 2514 diductiorem
510 2456 649 2514 metrum
662 2447 792 2536 respuit.
824 2444 903 2514 VIII.
925 2445 980 2512 De
997 2445 1133 2513 diaeresi
1149 2447 1182 2513 in
1199 2468 1283 2512 voce

118 2554 397 2643 μαλακοφλοΐων,
432 2554 498 2620 dixi
528 2553 569 2619 ad
591 2578 621 2618 v.
645 2551 695 2618 73.
717 2591 760 2600 -
780 2551 836 2618 IX.
864 2551 1012 2619 Dialecto
1043 2577 1121 2619 usus
1143 2561 1193 2618 est
1211 2550 1283 2642 ple-

119 2686 255 2753 rumque
277 2662 414 2742 Dorica3
435 2659 533 2740 velut,
553 2660 587 2725 in
611 2652 729 2739 Ζανός,
753 2653 827 2740 ἁδύ,
848 2654 995 2745 ἐφάμαν.
1036 2658 1072 2725 In
1093 2681 1176 2726 voce
1197 2657 1286 2739 τῆνα

119 2769 326 2838 Sicelismurn
348 2768 488 2846 admisit3
519 2788 577 2854 pro
605 2766 713 2847 κεῖνος
742 2764 944 2855 eundemque
964 2765 1128 2831 intrudere
1157 2766 1190 2831 in
1211 2787 1284 2830 ver-

118 2900 194 2943 sum
216 2877 252 2941 ll
276 2874 365 2941 volui
385 2870 537 2961 βατανῆς
557 2895 615 2961 pro
639 2865 806 2951 σατάνης,
829 2872 886 2938 sed
908 2869 1035 2958 Rergkii
1063 2873 1283 2959 conjecturam

118 2979 217 3072 βάτις
245 2976 278 3044 d'
307 2979 398 3059 ἐνέης
425 2988 539 3068 postea
571 2981 674 3068 magis
703 2977 780 3044 mihi
803 2976 962 3067 placuisse
985 2977 1054 3063 jam
1082 2995 1180 3060 supra
1208 2973 1282 3038 dixi.

119 3128 161 3137 —
182 3088 237 3154 De
259 3087 361 3152 forma
381 3082 421 3150 τὸ
443 3082 565 3163 λύσας,
584 3107 643 3175 pro
663 3080 683 3164 ἡ
707 3081 811 3160 λοπάς
833 3086 881 3167 (ut
899 3079 939 3146 τὸ
961 3079 1076 3162 δέπας)
1099 3077 1163 3145 vid.
1185 3100 1283 3167 supra

119 3195 161 3262 ad
182 3220 213 3259 v.
236 3195 266 3258 8.
289 3231 332 3240 —-

207 3298 275 3367 Sed
303 3298 385 3365 haec
408 3298 449 3364 de
479 3299 599 3364 metris
608 3250 651 3364 et
684 3297 820 3365 dialecto
850 3241 1015 3361 hactenus.
1065 3293 1116 3360 Ad
1147 3315 1283 3360 coenam

118 3405 291 3474 Philoxeni
312 3413 345 3470 et
372 3405 534 3470 curiosum
555 3413 671 3493 poetae
694 3401 852 3469 scribendi
874 3423 976 3490 genus
998 3400 1212 3492 Antiphonem
1231 3424 1282 3468 re-

117 3517 244 3605 spicere
266 3535 316 3600 ap.
338 3509 411 3576 Ath.
433 3485 510 3591 XV,
531 3534 561 3599 p.
583 3509 684 3574 11431)
715 3508 755 3574 R.
778 3506 894 3575 Fiorill.
925 3508 1080 3576 Observv.
1113 3509 1180 3574 crit.
1209 3505 1286 3573 Ath.

116 3644 147 3711 p.
160 3619 205 3684 92
227 3624 387 3696 autumat,
419 3615 505 3706 quod
528 3639 630 3705 aeque
652 3615 768 3684 falsum
791 3623 854 3695 est,
884 3626 981 3707 atque
1000 3613 1158 3684 Bodiil.l.
1172 3637 1202 3702 p.
1219 3613 1284 3676 319

118 3737 150 3792 et
172 3723 234 3791 Th.
251 3721 379 3812 Rerglrii
393 3746 423 3811 p.
436 3723 497 3788 851
511 3721 559 3788 XI
569 3723 633 3788 sr.l
655 3723 761 3813 opinio
782 3720 845 3790 hoc
867 3747 996 3816 quoque
1008 3742 1147 3810 carmen
1168 3714 1282 3782 XXIV

117 3830 292 3898 Philoxeni
311 3827 517 3917 dithyrambis
536 3829 812 3896 adnumerandum
833 3855 920 3913 esse3
940 3840 1010 3896 tum
1032 3832 1162 3915 propter
1181 3817 1284 3885 levio·

118 3962 192 4004 rum
212 3936 480 4025 licentiorumque
514 3934 779 4026 dithyrambicum
805 3937 938 4002 modum
967 3929 1181 4018 rythmorum,
1215 3931 1284 3991 turn

120 4053 255 4135 propter
269 4052 389 4108 tersam
404 4043 560 4108 sermonis
583 4042 775 4133 elegantiam
795 4064 833 4107 ac
848 4042 993 4106 nitorem.
1037 4029 1135 4114 Quod
1151 4050 1209 4095 cur
1224 4053 1283 4097 no·

120 4149 169 4217 bis
192 4148 322 4239 probari
342 4157 490 4239 nequeat,
511 4149 607 4216 totius
620 4147 747 4238 septimi
759 4144 869 4236 capitis
883 4143 1106 4226 argumentum
1118 4140 1283 4202 commen·

121 4257 251 4324 tationis
274 4264 403 4323 nostrae
426 4255 546 4344 optime
568 4255 671 4322 docet.
715 4247 832 4312 Suidas
852 4244 915 4310 hoe
937 4261 1067 4312 carmen
1085 4252 1141 4314 aut
1159 4243 1284 4313 inscitia
