2798 4666
172 283 246 354 166

250 462 406 553 Denique
427 464 460 528 in
479 463 551 552 ipso
573 459 700 524 Arionis
721 457 841 546 hymno
865 459 948 527 v.'4.
1058 472 1061 477 '

344 565 516 657 βραμχὶοις
537 567 612 651 περὶ
633 564 669 628 δὲ
688 567 727 628 οὲ
749 562 874 628 πλωτοί

341 673 448 758 θῆρες
465 669 688 760 χορεύουσι
713 665 841 758 ιιύκλῳ

342 775 536 863 κούφοιοι
558 776 695 842 ποδῶν
716 772 920 864 ῥύμμαοίυ

261 914 264 919 ·
343 887 471 973 ἐλαφρ
500 876 852 966 ἆοαιιαλλόμευοι,
880 877 975 966 οιμοὶ
1011 882 1013 886 ’

247 1054 250 1058 1
317 987 572 1077 μοιξαύχευες,
601 984 851 1074 ω’κυδρύμοι,
885 982 1153 1074 φιλόμουσοι.

170 1096 303 1165 Novum
326 1107 435 1163 autem
454 1095 533 1162 illud
552 1118 654 1185 genus
676 1118 830 1185 poeseos,
857 1093 943 1184 (prod
964 1094 1004 1159 ab
1025 1096 1146 1163 Arione
1165 1097 1332 1165 introduc-

171 1211 240 1267 tum
268 1225 355 1283 esse,
383 1201 491 1267 fabula
518 1200 573 1267 illa
592 1201 758 1267 notissima
785 1208 1029 1291 expresserunt,
1056 1200 1129 1268 dico
1158 1200 1333 1291 dithyram-

172 1305 265 1389 bum,
285 1310 385 1399 cnjus
406 1308 477 1396 ipse
498 1306 576 1372 ideo·
594 1307 743 1372 inventor
765 1314 814 1371 est
834 1305 969 1372 habitus.
1013 1302 1087 1391 Qua
1114 1310 1147 1374 in
1169 1330 1209 1375 rc
1229 1330 1273 1377 ne
1295 1309 1332 1376 de

172 1410 328 1501 delphinis
352 1412 527 1504 quidquam
550 1411 637 1478 dubii
663 1414 842 1493 remaneat,
859 1411 1024 1477 'advocari
1048 1412 1082 1477 in
1112 1414 1331 1489 testimonium

170 1515 279 1584 licebit
296 1518 500 1584 Pindarum
491 1542 524 1584 m
546 1519 736 1606 fragmento,
758 1515 845 1607 quod
865 1515 1001 1583 lstlrmiis
1023 1517 1147 1586 addidit
1167 1543 1213 1587 ex
1233 1520 1330 1588 tribus

171 1623 335 1737 codicibus
357 1622 558 1705 Boechhius;
581 1646 631 1713 ap.
653 1620 770 1710 Bergk
793 1644 824 1711 p.
846 1622 969 1691 ulorr.
990 1623 1021 1688 4.

376 1754 379 1759 ’
526 1718 647 1794 οἷοιό’
677 1722 800 1812 ἀρετάν

288 1858 291 1863 ·
373 1836 558 1921 δελφῖνες
578 1834 614 1898 ἐν
636 1830 746 1922 πόντῳ
773 1827 922 1918 ταμίαι
942 1855 982 1897 τε
1004 1832 1131 1922 σοφοί

373 1938 582 2008 Μοισᾶν
561 1962 789 2022 αγωυιωυτ
831 1935 1007 2008 ἀέθλου.

170 2046 289 2138 Ecquis
303 2070 447 2139 unquam
461 2048 582 2115 audivit
595 2045 762 2136 delphinos
777 2041 901 2132 ταμίας
914 2041 1066 2136 aporia»
1079 2042 1234 2131 &toton
1250 2073 1329 2142 quae

169 2155 294 2221 musica
315 2154 532 2244 intellegenda
562 2153 736 2221 certamina
769 2174 811 2218 ex
838 2152 1105 2241 praecedentibus
1132 2156 1241 2223 verbis
1267 2180 1330 2225 non

170 2258 304 2325 dubium
329 2260 464 2326 videtur.
515 2259 675 2350 Equidem
702 2256 780 2324 mihi
810 2257 887 2324 nihil
915 2257 1100 2350 hujusmodi
1131 2272 1329 2353 compertum

171 2364 236 2443 est3
260 2373 293 2428 at
312 2365 346 2429 in
367 2363 517 2430 Isthmico
540 2365 681 2430 carmine
704 2365 743 2429 ad
767 2362 1012 2430 collaudandam
1025 2365 1219 2433 Corinthum
1237 2366 1330 2451 ,licet

169 2467 300 2558 obliquo
324 2475 442 2536 cursu''
471 2492 568 2559 quam
597 2478 672 2557 apta
700 2468 1003 2557 dithyrambicorum
1030 2473 1243 2539 certaminum
1264 2472 1329 2541 del·

168 2571 273 2660 phinis
306 2575 505 2663 praesidibus
536 2577 656 2639 mentio
691 2573 773 2640 erat!
823 2575 876 2642 De
909 2578 1134 2643 certaminibus
1162 2588 1329 2668 praeterea

168 2675 260 2743 locus
282 2679 496 2746 memorabilis
520 2687 569 2746 cst
590 2680 770 2746 Pausaniae
791 2679 827 2763 Il,
848 2681 890 2747 36
918 2682 971 2749 ubi
993 2690 1102 2748 narrat
1121 2685 1328 2753 Bermionen·

169 2806 222 2848 ses
243 2782 374 2851 Baccho
401 2785 614 2874 Melanaegidi
644 2788 852 2853 consuevisse
880 2787 1043 2854 celebrare
1070 2797 1140 2854 tum
1167 2800 1328 2859 certamen

168 2890 344 2972 musicum,
372 2901 442 2956 tum
463 2886 635 2975 κολύμβου
656 2894 713 2956 καὶ
736 2890 870 2958 πλοίων.
946 2892 1033 2979 Quid
1056 2916 1177 2984 quaeso
1198 2896 1327 2964 Baccho

170 3003 202 3059 et
224 2997 449 3063 certaminibus
471 2998 602 3064 musicis
624 3021 699 3064 cum
722 3000 896 3064 certamine
913 2997 1083 3086 κολύμβου
1101 3002 1159 3064 καὶ
1179 3000 1329 3067 alcius?

167 3100 267 3191 Atqui
290 3102 541 3169 Hermionenses
581 3126 710 3193 qnoque
743 3103 835 3170 bonis
870 3106 975 3194 poetis
1010 3104 1251 3196 dithyrambicis
1277 3108 1327 3173 irr-

167 3205 275 3294 signes
298 3216 397 3289 erant,
419 3208 517 3275 modo
539 3206 616 3275 Lasi
636 3208 878 3275 Hermionensis
905 3211 1103 3291 memineris,
1132 3234 1251 3301 neque.
1271 3212 1327 3279 du·

167 3309 232 3374 bito
266 3314 341 3399 quin
374 3298 547 3380 certamine
580 3314 632 3380 illo
667 3315 791 3381 musico
834 3313 1052 3402 dithyrambos
1087 3317 1234 3406 inprimis
1271 3318 1326 3385 sub

164 3413 320 3504 judicium
341 3419 485 3483 miserint
506 3430 637 3508 poetae,
671 3430 835 3486 certamen
860 3442 938 3484 vero
968 3422 1100 3487 navium
1129 3432 1163 3487 et
1184 3424 1325 3490 submer-

167 3519 265 3608 gendi
297 3521 336 3586 ab
370 3521 655 3591 Hermionensibus
687 3527 720 3591 in
747 3526 874 3591 Arionis
906 3527 1096 3592 memoriam
1124 3528 1324 3596 instituerint.

167 3626 251 3692 Ante
273 3628 380 3693 omnia
402 3651 479 3694 vero
502 3631 709 3697 memorabile
729 3630 793 3697 hoc
818 3641 881 3712 est,
911 3631 998 3720 quod
1027 3631 1153 3722 grypho
1179 3634 1325 3725 quodam

167 3733 339 3800 Simonidis
365 3732 425 3801 Cei
446 3738 634 3826 conjunctos
653 3734 809 3804 habemus
833 3736 1082 3826 delphinum,
1111 3738 1271 3808 hircum
1292 3746 1325 3806 et

168 3836 468 3930 dithyrambum.
521 3838 655 3929 Legitur
683 3842 769 3930 apud
791 3839 1078 3961 Chamaeleontem
1100 3845 1220 3915 Athen
1240 3844 1325 3927 XIV,

167 3965 239 4032 pag.
258 3945 321 4011 456
344 3946 383 4013 C.

253 4050 451 4136 Μιξουὸμου
471 4072 538 4115 ιι
528 4048 639 4136 ιιατύρ
657 4050 773 4138 ἐρίφου
793 4056 851 4119 καὶ
874 4055 1030 4140 σχέτλιος·
1041 4004 1143 4141 ἰχθύς
1249 4098 1252 4103 -

252 4153 434 4232 πληοίον’
414 4154 592 4243 ηρείσαυιο
613 4154 779 4244 καρήατα·
802 4160 909 4227 ιιαῑδα
931 4163 968 4229 tl
988 4184 1105 4241 νυκιος
