2798 4672
195 477 238 488 -
258 478 300 487 —
321 474 364 485 —-
386 441 424 506 A.
446 437 502 500 ναὶ
526 433 600 511 τοὺς
624 431 728 510 θεοὺς
749 429 840 523 ἔμοιγ’
865 418 925 499 οὖν

197 542 263 624 ἤδη
284 539 356 610 ποτ’
381 545 417 608 ἐν
436 542 552 632 μακρῷ
570 537 677 630 χρόνῳ
698 538 815 617 νυκτὸς
837 535 1067 630 διηγρύπνησα

198 651 258 715 τὸν
279 648 409 724 ξουθὸν
432 647 697 736 ἱιιπαλεκτρύονα
718 647 822 727 ζητῶν
842 643 892 722 τίς
914 646 1004 711 ἐστιν
1024 642 1129 730 ὅρνιςς
1216 698 1221 715 1

198 759 242 824 A.
264 759 411 843 Σημεῖον
430 757 467 821 ἐν
487 759 556 834 τοῖς
576 755 696 822 νουσιν
717 741 743 818 ὦ
765 749 963 839 'partictur'
986 753 1210 841 ἐνεγέγραπτο

199 867 235 929 Α.
263 864 324 954 s'poi
349 865 384 928 δὲ
407 862 465 927 τὸν
487 862 669 943 Φιλοξένου
690 857 718 950 p'
731 856 824 950 ᾤμην
840 856 969 946 Ἔρυξιν
990 848 1092 925 εἶναι·

115 972 233 1061 Eryxis
254 973 350 1062 igitur
371 969 438 1051 hic,
461 971 501 1036 de
524 991 588 1060 quo
611 968 738 1036 aliunde
758 965 836 1059 nihil
857 977 997 1051 constat,
1017 969 1046 1034 si
1066 975 1159 1058 patre
1179 966 1266 1032 vice·

115 1080 232 1145 simum
261 1080 327 1144 lere
355 1086 471 1165 agente
499 1099 618 1142 annuns
652 1083 745 1141 nattis
779 1074 852 1158 luit,
887 1082 985 1165 atque
1012 1074 1172 1142 tricesimo
1200 1072 1268 1138 lere
1326 1115 1330 1122 -

116 1187 230 1274 aetatis
251 1204 341 1250 ‚anno
362 1183 458 1250 bilem
479 1183 582 1248 movit
608 1179 827 1272 Aristophani,
846 1180 1017 1248 Philoxeni
1036 1180 1190 1248 Leucadii
1210 1201 1267 1245 na·

116 1289 196 1357 tales
224 1290 368 1357 incidunt
387 1292 421 1356 in
443 1288 493 1356 Ol.
513 1287 655 1371 LXXX,
676 1288 705 1354 4.
759 1289 895 1379 Scripsit
916 1297 1024 1355 autern
1044 1287 1096 1355 hic
1118 1287 1268 1377 Eryxidis

116 1395 213 1478 lilius,
235 1405 317 1463 teste
340 1394 475 1463 Platone
497 1395 591 1462 Com.
614 1417 664 1484 ap.
682 1393 797 1472 Athen.
809 1394 832 1477 l,
853 1418 884 1485 p.
896 1396 961 1462 5.6
982 1419 1101 1463 novam
1123 1397 1268 1462 ciborum

117 1502 359 1569 condendorum
380 1502 567 1582 doctrinam,
588 1503 658 1568 sive
678 1510 715 1567 ut
727 1500 852 1567 Graeco
868 1501 959 1569 titulo
977 1511 1049 1569 utar
1061 1497 1181 1582 καινήν
1192 1523 1269 1567 τινα

116 1605 342 1696 ὀψαρτυσὶαν.
383 1608 445 1675 Hic
466 1609 552 1676 enim
573 1607 682 1674 titulus
698 1617 763 1690 est,
785 1608 839 1697 qui
854 1607 942 1676 solus
965 1609 1145 1678 ePlatonis
1163 1612 1268 1677 verbis

117 1718 186 1784 emi
206 1725 333 1806 potest,
353 1714 397 1781 de
418 1715 541 1804 διῖιινῳ
562 1713 648 1805 quod
668 1713 728 1780 sibi
748 1714 821 1780 VV.
844 1713 918 1781 DD.
940 1718 1001 1784 visi
1021 1728 1096 1785 sunt
1119 1728 1270 1810 tanquam

118 1847 232 1891 verum
252 1822 337 1888 illius
359 1823 516 1912 poematis
537 1841 657 1886 nomen
678 1821 850 1902 invenisse,
872 1821 960 1889 nulla
981 1825 1118 1894 iniicitur
1139 1823 1279 1894 mentio(

119 1928 308 1996 Adscribam
343 1929 442 1994 verba
472 1930 543 2018 ipsa
571 1950 613 1994 ex
641 1923 786 1993 Platonis
814 1928 921 1995 fabula
948 1930 1130 2023 desumpta,
1158 1956 1269 2025 quem-

118 2035 293 2101 admodum
315 2033 499 2101 Mamurius
522 2053 560 2098 ca
580 2031 718 2096 restituit
738 2030 831 2098 Com.
844 2032 896 2100 Fr.
908 2034 949 2117 ll,
971 2057 1002 2126 p.
1014 2039 1077 2101 672

160 2179 203 2187 —
223 2177 266 2186 -
286 2175 329 2185 -
349 2137 408 2220 ἐγώ
433 2137 465 2202 δ”
487 2133 607 2200 tonuit·
632 2136 667 2199 ἐν
688 2135 729 2226 τῇ
748 2131 867 2226 ’ρημὶρι

162 2246 256 2308 τουτὶ
279 2243 427 2308 διελθεῖν
450 2237 613 2328 βούλομαι
635 2239 674 2307 τὸ
694 2242 839 2330 βιβλίον.

161 2351 245 2437 πρὸς
266 2346 419 2436 ἐμαυτόν.
463 2349 502 2415 Β.
525 2348 596 2414 ἐστὶ
619 2346 659 2428 d',
681 2346 846 2435 ἀντιβολῶ
867 2373 914 2433 σε,
937 2352 1034 2420 τοῦτο
1057 2354 1105 2440 ti,-

163 2462 201 2524 A.
227 2457 409 2537 Φιλοξένου
430 2454 526 2533 καινή
549 2479 599 2533 τις
619 2454 832 2542 ὀψαρτυσία·

135 2592 137 2596 ’
161 2567 199 2632 Β.
222 2564 385 2646 ἐαιὸιῑξον
406 2559 513 2643 αὐτὴν
534 2554 606 2642 ἥτις
627 2561 726 2630 εστίν.
771 2565 807 2632 A.
830 2561 927 2633 ἄκουε
949 2565 1003 2648 δή.

161 2669 387 2759 ,,”Αρξομαι
409 2665 438 2733 δ’
461 2670 502 2735 ἐκ
522 2665 710 2765 βόλβοιο,
732 2671 958 2755 τελευτήσω
979 2674 1009 2739 d’
1033 2678 1100 2743 ἐπὶ

967 2779 1123 2850 θύννον
1135 2790 1151 2818 ”
1169 2789 1227 2870 ¹⁰).

120 2887 214 2955 Patet
238 2887 314 2953 inde
343 2882 558 2973 ὀψαρτυσὶαν
591 2882 761 2953 Philoxeni
792 2909 911 2978 poema·
940 2893 1128 2982 inscriptum
1163 2894 1271 2975 luisse,

121 2993 391 3085 quemadmodum
419 2993 553 3060 aliorum
583 3013 710 3082 quoque
738 2987 947 3080 ὀψαρτυτικολ
972 3008 1204 3082 memorantur,
1235 3009 1272 3065 ut

121 3101 236 3168 Glauci
266 3099 455 3182 Locrensis,
487 3097 652 3179 Mithaeci‚
683 3097 844 3187 Dionysii,
873 3100 1046 3185 Euaeneti,
1075 3101 1272 3174 Archestrati

122 3222 171 3300 ap.
184 3205 307 3274 Athen.
326 3205 399 3288 Xll,
421 3230 451 3297 p.
466 3207 547 3288 516,
566 3229 592 3272 c.
645 3204 766 3272 Contra
788 3205 960 3296 Cytherius
987 3232 1103 3300 poema
1130 3213 1273 3279 Δεῖπνον

121 3317 315 3404 composuit,
345 3312 432 3403 quod
459 3314 646 3400 saepissime
674 3310 822 3380 laudatur
849 3315 889 3380 ab
916 3315 1148 3406 Aristophane,
1176 3329 1272 3411 atque

120 3419 287 3488 Athenaeo
309 3418 366 3501 Xl,
385 3442 415 3508 p.
427 3418 501 3500 476,
523 3441 550 3485 c.
567 3419 641 3501 487,
664 3440 691 3484 a.
714 3417 803 3501 XIV,
823 3442 854 3510 p.
866 3420 939 3504 642,
962 3424 981 3489 f.
1005 3422 1081 3506 XV,
1103 3447 1133 3516 p.
1146 3427 1220 3508 685,
1241 3426 1271 3494 d.

121 3526 172 3612 (cl.
185 3526 220 3611 ll,
229 3551 260 3618 p.
273 3527 378 3611 35d.).
423 3525 524 3592 Cuius
546 3525 734 3591 discriminis
757 3525 875 3618 aliquid
897 3528 1037 3597 suboluit
1058 3529 1141 3598 Bon.
1158 3533 1272 3601 Geech.

121 3637 182 3702 der
204 3635 324 3701 hellen.
348 3633 431 3721 Lyr.
453 3631 546 3699 Tom.
566 3630 606 3713 ll,
630 3653 660 3720 p.
677 3632 740 3698 319
773 3636 827 3724 qui
852 3637 1019 3727 utriusque
1041 3636 1177 3703 hominis
1198 3662 1272 3729 per-

119 3743 333 3808 mutationem
361 3741 563 3830 frequentem
591 3740 624 3805 in
653 3762 692 3806 eo
721 3742 859 3831 positam
888 3752 993 3832 putat,
1023 3743 1108 3834 quod
1138 3751 1273 3833 uterque

122 3848 362 3915 Convivium
383 3850 508 3937 poetice
528 3847 738 3937 descripserit
781 3847 833 3914 De
848 3847 1018 3917 Philoxeni
1035 3872 1112 3918 vero
1131 3848 1274 3938 Cytherii
1393 3876 1395 3880 ⁴

121 3955 269 4022 convivio
299 3955 338 4021 ab
367 3953 434 4020 aliis
460 3975 630 4044 perperam
657 3953 837 4021 Philoxeno
867 3953 1029 4022 Leucadio
1066 3958 1189 4024 auctori
1217 3958 1273 4026 ad-

149 4119 184 4186 ¹⁰)
202 4121 275 4172 idern
294 4119 394 4172 sentire
412 4121 600 4181 Banonnmnu
618 4119 695 4171 video
715 4137 740 4186 p.
756 4121 798 4175 70.
834 4118 955 4172 Platonis
973 4122 1061 4173 locum
1080 4120 1209 4178 imitando
1225 4106 1292 4178 err-¹

199 4208 298 4276 pressit
313 4206 405 4260 Alexis
423 4206 519 4259 Athen.
545 4208 589 4269 lv,
615 4223 642 4273 p.
660 4207 711 4259 164
730 4207 755 4258 b.
798 4207 879 4256 ΛΙΝ.
917 4201 1007 4264 δεῖξόν
1026 4211 1054 4261 τί
1074 4205 1131 4263 ἔστι
1149 4214 1273 4283 apciton

202 4297 344 4349 IIPAKA.
362 4290 527 4365 ὀψαρτυσία,
547 4289 582 4351 ὥς
600 4305 669 4362 φησι
689 4287 894 4362 τούπίγραμμα.
