<?xml version="1.0" encoding="UTF-8"?>
<!DOCTYPE html PUBLIC "-//W3C//DTD XHTML 1.0 Transitional//EN"
    "http://www.w3.org/TR/xhtml1/DTD/xhtml1-transitional.dtd">
<html xmlns="http://www.w3.org/1999/xhtml" xml:lang="en" lang="en">
 <head>
  <title>
</title>
<meta http-equiv="Content-Type" content="text/html;charset=utf-8" />
  <meta name='ocr-system' content='tesseract 3.04.00' />
  <meta name='ocr-capabilities' content='ocr_page ocr_carea ocr_par ocr_line ocrx_word'/>
</head>
<body>
  <div class='ocr_page' id='page_1' title='image "./diatribeindithy00schmgoog_0034.png"; bbox 0 0 2798 4666; ppageno 0'>
   <div class='ocr_carea' id='block_1_1' title="bbox 1238 223 1285 296">
    <p class='ocr_par' dir='ltr' id='par_1_1' title="bbox 1238 223 1285 296">
     <span class='ocr_line' id='line_1_1' title="bbox 1238 223 1285 296; baseline 0 0"><span class='ocrx_word' id='word_1_1' title='bbox 1238 223 1285 296; x_wconf 73' lang='lat'>1⁷</span> 
     </span>
    </p>
   </div>
   <div class='ocr_carea' id='block_1_2' title="bbox 110 392 1291 4377">
    <p class='ocr_par' dir='ltr' id='par_1_2' title="bbox 110 392 1291 4377">
     <span class='ocr_line' id='line_1_2' title="bbox 121 392 1286 499; baseline 0.007 -30"><span class='ocrx_word' id='word_1_2' title='bbox 121 397 307 469; x_wconf 71' lang='lat' dir='ltr'>consentire</span> <span class='ocrx_word' id='word_1_3' title='bbox 318 392 475 463; x_wconf 86' lang='lat' dir='ltr'>videatur.</span> <span class='ocrx_word' id='word_1_4' title='bbox 506 395 611 488; x_wconf 84' lang='lat' dir='ltr'>Atque</span> <span class='ocrx_word' id='word_1_5' title='bbox 627 398 784 466; x_wconf 83' lang='lat' dir='ltr'>reiectura</span> <span class='ocrx_word' id='word_1_6' title='bbox 804 400 839 467; x_wconf 90' lang='lat' dir='ltr'>in</span> <span class='ocrx_word' id='word_1_7' title='bbox 860 418 1041 499; x_wconf 76' lang='lat' dir='ltr'>carcerem,</span> <span class='ocrx_word' id='word_1_8' title='bbox 1066 405 1286 495; x_wconf 72' lang='lat' dir='ltr'>aufugientem</span> 
     </span>
     <span class='ocr_line' id='line_1_3' title="bbox 120 501 1286 593; baseline 0.011 -21"><span class='ocrx_word' id='word_1_9' title='bbox 120 504 196 577; x_wconf 82' lang='lat' dir='ltr'>h&#39;utc</span> <span class='ocrx_word' id='word_1_10' title='bbox 208 503 392 571; x_wconf 83' lang='lat' dir='ltr'>&#39;Parentum</span> <span class='ocrx_word' id='word_1_11' title='bbox 404 524 444 569; x_wconf 80' lang='lat' dir='ltr'>ee</span> <span class='ocrx_word' id='word_1_12' title='bbox 455 501 636 571; x_wconf 69' lang='lat' dir='ltr'><strong>contulisse</strong></span> <span class='ocrx_word' id='word_1_13' title='bbox 649 513 705 572; x_wconf 88' lang='lat' dir='ltr'>aut</span> <span class='ocrx_word' id='word_1_14' title='bbox 714 503 845 573; x_wconf 86' lang='lat' dir='ltr'>Siciliae</span> <span class='ocrx_word' id='word_1_15' title='bbox 862 515 918 575; x_wconf 91' lang='lat' dir='ltr'>aut</span> <span class='ocrx_word' id='word_1_16' title='bbox 933 505 1042 575; x_wconf 81' lang='lat' dir='ltr'>ltaliae</span> <span class='ocrx_word' id='word_1_17' title='bbox 1058 509 1181 593; x_wconf 88' lang='lat' dir='ltr'>urbem,</span> <span class='ocrx_word' id='word_1_18' title='bbox 1198 515 1286 584; x_wconf 82' lang='lat' dir='ltr'>undo</span> 
     </span>
     <span class='ocr_line' id='line_1_4' title="bbox 120 606 1284 703; baseline 0.011 -28"><span class='ocrx_word' id='word_1_19' title='bbox 120 612 240 681; x_wconf 68' lang='lat' dir='ltr'>nostra</span> <span class='ocrx_word' id='word_1_20' title='bbox 271 626 348 675; x_wconf 88' lang='lat' dir='ltr'>eum</span> <span class='ocrx_word' id='word_1_21' title='bbox 379 606 420 675; x_wconf 84' lang='lat' dir='ltr'>ad</span> <span class='ocrx_word' id='word_1_22' title='bbox 444 628 484 673; x_wconf 78' lang='lat' dir='ltr'>ae</span> <span class='ocrx_word' id='word_1_23' title='bbox 511 631 673 677; x_wconf 84' lang='lat' dir='ltr'>revocare.</span> <span class='ocrx_word' id='word_1_24' title='bbox 692 609 871 699; x_wconf 72' lang='lat' dir='ltr'>Dionysius</span> <span class='ocrx_word' id='word_1_25' title='bbox 898 611 1027 703; x_wconf 84' lang='lat' dir='ltr'>studuit,</span> <span class='ocrx_word' id='word_1_26' title='bbox 1059 636 1171 685; x_wconf 76' lang='lat' dir='ltr'>omnes</span> <span class='ocrx_word' id='word_1_27' title='bbox 1204 642 1284 691; x_wconf 90' lang='lat' dir='ltr'>con-</span> 
     </span>
     <span class='ocr_line' id='line_1_5' title="bbox 120 708 1285 808; baseline 0.009 -24"><span class='ocrx_word' id='word_1_28' title='bbox 120 716 273 803; x_wconf 78' lang='lat' dir='ltr'>sentiunt.</span> <span class='ocrx_word' id='word_1_29' title='bbox 304 750 349 773; x_wconf 51' lang='grc' dir='ltr'>-ψ</span> <span class='ocrx_word' id='word_1_30' title='bbox 374 712 520 783; x_wconf 80' lang='lat' dir='ltr'>Pertinet</span> <span class='ocrx_word' id='word_1_31' title='bbox 545 714 612 785; x_wconf 84' lang='lat' dir='ltr'>huc</span> <span class='ocrx_word' id='word_1_32' title='bbox 638 708 727 806; x_wconf 80' lang='lat' dir='ltr'>qnod</span> <span class='ocrx_word' id='word_1_33' title='bbox 754 717 851 806; x_wconf 79' lang='lat' dir='ltr'>apud.</span> <span class='ocrx_word' id='word_1_34' title='bbox 873 726 1002 785; x_wconf 83' lang='lat' dir='ltr'>veteres</span> <span class='ocrx_word' id='word_1_35' title='bbox 1030 719 1080 791; x_wconf 73' lang='lat' dir='ltr'>de.</span> <span class='ocrx_word' id='word_1_36' title='bbox 1102 723 1285 808; x_wconf 80' lang='grc' dir='ltr'><em>Φιλοξένου</em></span> 
     </span>
     <span class='ocr_line' id='line_1_6' title="bbox 121 815 1284 914; baseline 0.021 -33"><span class='ocrx_word' id='word_1_37' title='bbox 121 815 325 914; x_wconf 60' lang='grc' dir='ltr'><strong><em>γραμματίῳ</em></strong></span> <span class='ocrx_word' id='word_1_38' title='bbox 351 821 906 910; x_wconf 73' lang='lat' dir='ltr'>parsiminveniturteuarratum...</span> <span class='ocrx_word' id='word_1_39' title='bbox 928 822 1056 893; x_wconf 76' lang='lat' dir='ltr'>Dicitur</span> <span class='ocrx_word' id='word_1_40' title='bbox 1080 832 1167 899; x_wconf 88' lang='lat' dir='ltr'>enim</span> <span class='ocrx_word' id='word_1_41' title='bbox 1193 835 1284 905; x_wconf 66' lang='lat' dir='ltr'>idern</span> 
     </span>
     <span class='ocr_line' id='line_1_7' title="bbox 122 925 1283 1027; baseline 0.008 -28"><span class='ocrx_word' id='word_1_42' title='bbox 122 929 224 999; x_wconf 84' lang='lat' dir='ltr'>tidem</span> <span class='ocrx_word' id='word_1_43' title='bbox 244 927 392 1001; x_wconf 81' lang='lat' dir='ltr'>invitanti</span> <span class='ocrx_word' id='word_1_44' title='bbox 410 937 566 1016; x_wconf 71' lang='lat' dir='ltr'>tyranno,</span> <span class='ocrx_word' id='word_1_45' title='bbox 587 926 748 999; x_wconf 59' lang='lat' dir='ltr'>nihilznisi</span> <span class='ocrx_word' id='word_1_46' title='bbox 769 925 914 997; x_wconf 60' lang='lat' dir='ltr'>martam</span> <span class='ocrx_word' id='word_1_47' title='bbox 930 932 1199 1027; x_wconf 71' lang='lat' dir='ltr'>remisisaaquae</span> <span class='ocrx_word' id='word_1_48' title='bbox 1215 951 1283 1012; x_wconf 77' lang='lat' dir='ltr'>tota</span> 
     </span>
     <span class='ocr_line' id='line_1_8' title="bbox 122 1030 1283 1129; baseline 0.011 -26"><span class='ocrx_word' id='word_1_49' title='bbox 122 1058 189 1103; x_wconf 86' lang='lat' dir='ltr'>uno</span> <span class='ocrx_word' id='word_1_50' title='bbox 210 1036 305 1123; x_wconf 77' lang='lat' dir='ltr'>cigno</span> <span class='ocrx_word' id='word_1_51' title='bbox 324 1030 405 1102; x_wconf 93' lang='lat' dir='ltr'>hoc:</span> <span class='ocrx_word' id='word_1_52' title='bbox 429 1034 458 1103; x_wconf 83' lang='lat'><strong><em>0</em></strong></span> <span class='ocrx_word' id='word_1_53' title='bbox 479 1043 567 1103; x_wconf 79' lang='lat' dir='ltr'>esset</span> <span class='ocrx_word' id='word_1_54' title='bbox 586 1034 718 1129; x_wconf 71' lang='lat' dir='ltr'>impleta</span> <span class='ocrx_word' id='word_1_55' title='bbox 739 1072 784 1101; x_wconf 53' lang='lat' dir='ltr'>ev.</span> <span class='ocrx_word' id='word_1_56' title='bbox 803 1043 889 1102; x_wconf 88' lang='lat' dir='ltr'>errat</span> <span class='ocrx_word' id='word_1_57' title='bbox 909 1037 995 1103; x_wconf 90' lang='lat' dir='ltr'>enim</span> <span class='ocrx_word' id='word_1_58' title='bbox 1017 1038 1125 1108; x_wconf 87' lang='lat' dir='ltr'>Schol.</span> <span class='ocrx_word' id='word_1_59' title='bbox 1144 1046 1186 1113; x_wconf 84' lang='lat' dir='ltr'>ad</span> <span class='ocrx_word' id='word_1_60' title='bbox 1200 1049 1283 1119; x_wconf 82' lang='lat' dir='ltr'>Aelii</span> 
     </span>
     <span class='ocr_line' id='line_1_9' title="bbox 121 1131 1283 1245; baseline 0.012 -37"><span class='ocrx_word' id='word_1_61' title='bbox 121 1139 253 1237; x_wconf 65' lang='lat' dir='ltr'>Aristirl.</span> <span class='ocrx_word' id='word_1_62' title='bbox 266 1137 364 1209; x_wconf 77' lang='lat' dir='ltr'>,Orat</span> <span class='ocrx_word' id='word_1_63' title='bbox 387 1163 419 1230; x_wconf 90' lang='lat' dir='ltr'>p.</span> <span class='ocrx_word' id='word_1_64' title='bbox 437 1140 520 1209; x_wconf 43' lang='lat'><strong>364³·</strong></span> <span class='ocrx_word' id='word_1_65' title='bbox 553 1139 727 1231; x_wconf 74' lang='lat' dir='ltr'>Faenuan.</span> <span class='ocrx_word' id='word_1_66' title='bbox 753 1131 839 1211; x_wconf 74' lang='grc' dir='ltr'><strong><em>ιίστε</em></strong></span> <span class='ocrx_word' id='word_1_67' title='bbox 862 1139 901 1207; x_wconf 81' lang='grc' dir='ltr'>τὸ</span> <span class='ocrx_word' id='word_1_68' title='bbox 921 1141 1033 1228; x_wconf 77' lang='grc' dir='ltr'><em>σχῆμα</em></span> <span class='ocrx_word' id='word_1_69' title='bbox 1056 1149 1209 1218; x_wconf 80' lang='grc' dir='ltr'><strong><em>τοιοῦτον</em></strong></span> <span class='ocrx_word' id='word_1_70' title='bbox 1227 1181 1283 1245; x_wconf 76' lang='lat' dir='ltr'>yr-</span> 
     </span>
     <span class='ocr_line' id='line_1_10' title="bbox 123 1225 1282 1343; baseline 0.018 -30"><span class='ocrx_word' id='word_1_71' title='bbox 123 1249 255 1320; x_wconf 76' lang='grc' dir='ltr'><strong><em>νίσθαι,</em></strong></span> <span class='ocrx_word' id='word_1_72' title='bbox 268 1225 326 1338; x_wconf 58' lang='grc' dir='ltr'>ᾧ</span> <span class='ocrx_word' id='word_1_73' title='bbox 342 1247 392 1316; x_wconf 86' lang='lat' dir='ltr'>-ad</span> <span class='ocrx_word' id='word_1_74' title='bbox 417 1245 622 1317; x_wconf 81' lang='lat' dir='ltr'>indicandam</span> <span class='ocrx_word' id='word_1_75' title='bbox 640 1248 741 1338; x_wconf 79' lang='lat' dir='ltr'>ipsius</span> <span class='ocrx_word' id='word_1_76' title='bbox 752 1256 963 1315; x_wconf 64' lang='lat' dir='ltr'>constantem</span> <span class='ocrx_word' id='word_1_77' title='bbox 984 1251 1017 1317; x_wconf 86' lang='lat' dir='ltr'>in</span> <span class='ocrx_word' id='word_1_78' title='bbox 1042 1264 1282 1343; x_wconf 73' lang='lat' dir='ltr'>perseveranda</span> 
     </span>
     <span class='ocr_line' id='line_1_11' title="bbox 122 1353 1279 1454; baseline 0.015 -31"><span class='ocrx_word' id='word_1_79' title='bbox 122 1357 296 1446; x_wconf 80' lang='lat' dir='ltr'>negatione</span> <span class='ocrx_word' id='word_1_80' title='bbox 311 1354 520 1426; x_wconf 82' lang='lat' dir='ltr'>voluntatem.</span> <span class='ocrx_word' id='word_1_81' title='bbox 542 1353 763 1423; x_wconf 74' lang='lat' dir='ltr'>Narraturran</span> <span class='ocrx_word' id='word_1_82' title='bbox 781 1355 814 1420; x_wconf 93' lang='lat' dir='ltr'>in</span> <span class='ocrx_word' id='word_1_83' title='bbox 832 1353 986 1423; x_wconf 88' lang='lat' dir='ltr'>Proverh.</span> <span class='ocrx_word' id='word_1_84' title='bbox 997 1359 1102 1429; x_wconf 91' lang='lat' dir='ltr'>Vatic.</span> <span class='ocrx_word' id='word_1_85' title='bbox 1117 1365 1210 1436; x_wconf 83' lang='lat' dir='ltr'>Ceut</span> <span class='ocrx_word' id='word_1_86' title='bbox 1224 1369 1279 1454; x_wconf 78' lang='lat' dir='ltr'>tv,</span> 
     </span>
     <span class='ocr_line' id='line_1_12' title="bbox 121 1458 1277 1558; baseline 0.005 -27"><span class='ocrx_word' id='word_1_87' title='bbox 121 1462 174 1531; x_wconf 88' lang='grc'>37.</span> <span class='ocrx_word' id='word_1_88' title='bbox 197 1462 347 1530; x_wconf 75' lang='lat' dir='ltr'>Scirona.</span> <span class='ocrx_word' id='word_1_89' title='bbox 369 1470 404 1531; x_wconf 85' lang='lat' dir='ltr'>et</span> <span class='ocrx_word' id='word_1_90' title='bbox 425 1458 556 1529; x_wconf 66' lang='lat' dir='ltr'>&#39;rr—sut.</span> <span class='ocrx_word' id='word_1_91' title='bbox 578 1458 641 1526; x_wconf 85' lang='lat' dir='ltr'>ll</span> <span class='ocrx_word' id='word_1_92' title='bbox 671 1459 724 1527; x_wconf 92' lang='lat' dir='ltr'>ubi</span> <span class='ocrx_word' id='word_1_93' title='bbox 747 1459 824 1528; x_wconf 89' lang='lat' dir='ltr'>olim</span> <span class='ocrx_word' id='word_1_94' title='bbox 845 1461 904 1529; x_wconf 84' lang='lat' dir='ltr'>luit</span> <span class='ocrx_word' id='word_1_95' title='bbox 923 1463 1036 1554; x_wconf 74' lang='lat' dir='ltr'>oi.,pro</span> <span class='ocrx_word' id='word_1_96' title='bbox 1060 1491 1123 1558; x_wconf 90' lang='lat' dir='ltr'>quo</span> <span class='ocrx_word' id='word_1_97' title='bbox 1146 1473 1277 1545; x_wconf 72' lang='lat' dir='ltr'>Seruo,</span> 
     </span>
     <span class='ocr_line' id='line_1_13' title="bbox 122 1550 1278 1659; baseline 0.014 -23"><span class='ocrx_word' id='word_1_98' title='bbox 122 1568 164 1639; x_wconf 87' lang='lat' dir='ltr'>ad</span> <span class='ocrx_word' id='word_1_99' title='bbox 181 1568 305 1641; x_wconf 77' lang='lat' dir='ltr'>Euaeb.</span> <span class='ocrx_word' id='word_1_100' title='bbox 327 1569 435 1659; x_wconf 83' lang='lat' dir='ltr'>p.·107</span> <span class='ocrx_word' id='word_1_101' title='bbox 454 1563 584 1656; x_wconf 81' lang='lat' dir='ltr'>legebat</span> <span class='ocrx_word' id='word_1_102' title='bbox 604 1550 647 1633; x_wconf 80' lang='grc' dir='ltr'>οὗ</span> <span class='ocrx_word' id='word_1_103' title='bbox 666 1576 798 1636; x_wconf 72' lang='lat' dir='ltr'>nomos:</span> <span class='ocrx_word' id='word_1_104' title='bbox 819 1553 860 1633; x_wconf 82' lang='grc' dir='ltr'>νίν</span> <span class='ocrx_word' id='word_1_105' title='bbox 880 1590 953 1637; x_wconf 88' lang='lat' dir='ltr'>esse</span> <span class='ocrx_word' id='word_1_106' title='bbox 974 1592 1093 1641; x_wconf 90' lang='lat' dir='ltr'>nomen</span> <span class='ocrx_word' id='word_1_107' title='bbox 1114 1576 1226 1649; x_wconf 85' lang='lat' dir='ltr'>literae</span> <span class='ocrx_word' id='word_1_108' title='bbox 1238 1583 1278 1652; x_wconf 89' lang='lat'>0.</span> 
     </span>
     <span class='ocr_line' id='line_1_14' title="bbox 120 1673 1257 1766; baseline 0.001 -24"><span class='ocrx_word' id='word_1_109' title='bbox 120 1673 250 1747; x_wconf 82' lang='lat' dir='ltr'>Eodem</span> <span class='ocrx_word' id='word_1_110' title='bbox 269 1677 431 1766; x_wconf 85' lang='lat' dir='ltr'>pertinere</span> <span class='ocrx_word' id='word_1_111' title='bbox 453 1693 585 1743; x_wconf 81' lang='lat' dir='ltr'>uersum</span> <span class='ocrx_word' id='word_1_112' title='bbox 606 1673 851 1764; x_wconf 69' lang='lat' dir='ltr'>Auonrnpist</span> <span class='ocrx_word' id='word_1_113' title='bbox 871 1673 981 1745; x_wconf 86' lang='lat' dir='ltr'>XXV.</span> <span class='ocrx_word' id='word_1_114' title='bbox 1078 1732 1081 1741; x_wconf 95' lang='lat'>.</span> <span class='ocrx_word' id='word_1_115' title='bbox 1193 1736 1197 1745; x_wconf 82' lang='lat'><strong>.</strong></span> <span class='ocrx_word' id='word_1_116' title='bbox 1254 1722 1257 1733; x_wconf 86' lang='lat'><em>·</em></span> 
     </span>
     <span class='ocr_line' id='line_1_15' title="bbox 273 1779 1211 1869; baseline -0.004 -18"><span class='ocrx_word' id='word_1_117' title='bbox 273 1783 349 1851; x_wconf 85' lang='lat' dir='ltr'>Una</span> <span class='ocrx_word' id='word_1_118' title='bbox 370 1781 590 1859; x_wconf 85' lang='lat' dir='ltr'>fuit-tantum,</span> <span class='ocrx_word' id='word_1_119' title='bbox 612 1802 682 1869; x_wconf 89' lang='lat' dir='ltr'>qua.</span> <span class='ocrx_word' id='word_1_120' title='bbox 697 1779 893 1869; x_wconf 80' lang='lat' dir='ltr'>respondere</span> <span class='ocrx_word' id='word_1_121' title='bbox 914 1779 1066 1853; x_wconf 72' lang='lat' dir='ltr'>Lacones</span> <span class='ocrx_word' id='word_1_122' title='bbox 1192 1840 1211 1851; x_wconf 86' lang='lat'>..</span> 
     </span>
     <span class='ocr_line' id='line_1_16' title="bbox 274 1884 986 1977; baseline -0.003 -22"><span class='ocrx_word' id='word_1_123' title='bbox 274 1885 386 1955; x_wconf 80' lang='lat' dir='ltr'>hitera</span> <span class='ocrx_word' id='word_1_124' title='bbox 404 1896 438 1953; x_wconf 88' lang='lat' dir='ltr'>et</span> <span class='ocrx_word' id='word_1_125' title='bbox 456 1888 538 1954; x_wconf 86' lang='lat' dir='ltr'>irato</span> <span class='ocrx_word' id='word_1_126' title='bbox 559 1886 629 1974; x_wconf 86' lang='lat' dir='ltr'>regi</span> <span class='ocrx_word' id='word_1_127' title='bbox 648 1884 801 1976; x_wconf 85' lang='lat' dir='ltr'>placuere</span> <span class='ocrx_word' id='word_1_128' title='bbox 821 1895 986 1977; x_wconf 84' lang='lat' dir='ltr'>negantes.</span> 
     </span>
     <span class='ocr_line' id='line_1_17' title="bbox 121 1989 1278 2082; baseline 0.006 -19"><span class='ocrx_word' id='word_1_129' title='bbox 121 2004 235 2063; x_wconf 87' lang='lat' dir='ltr'>censet</span> <span class='ocrx_word' id='word_1_130' title='bbox 255 1992 405 2062; x_wconf 79' lang='lat' dir='ltr'>Bououu.</span> <span class='ocrx_word' id='word_1_131' title='bbox 429 1991 527 2082; x_wconf 76' lang='lat' dir='ltr'>Corp.</span> <span class='ocrx_word' id='word_1_132' title='bbox 548 1989 644 2061; x_wconf 76' lang='lat' dir='ltr'>uuor.</span> <span class='ocrx_word' id='word_1_133' title='bbox 657 1989 679 2059; x_wconf 91' lang='lat' dir='ltr'>l.</span> <span class='ocrx_word' id='word_1_134' title='bbox 690 2014 722 2082; x_wconf 86' lang='lat' dir='ltr'>p.</span> <span class='ocrx_word' id='word_1_135' title='bbox 732 1991 785 2072; x_wconf 78' lang='lat'>43,</span> <span class='ocrx_word' id='word_1_136' title='bbox 807 1992 862 2082; x_wconf 93' lang='lat' dir='ltr'>qui</span> <span class='ocrx_word' id='word_1_137' title='bbox 883 2013 942 2081; x_wconf 88' lang='lat' dir='ltr'>pro</span> <span class='ocrx_word' id='word_1_138' title='bbox 964 1995 1081 2062; x_wconf 79' lang='lat' dir='ltr'>vacrila</span> <span class='ocrx_word' id='word_1_139' title='bbox 1102 1995 1162 2063; x_wconf 74' lang='grc' dir='ltr'>οὐκ</span> <span class='ocrx_word' id='word_1_140' title='bbox 1182 2005 1278 2070; x_wconf 85' lang='lat' dir='ltr'>etiam</span> 
     </span>
     <span class='ocr_line' id='line_1_18' title="bbox 124 2096 1279 2191; baseline 0.006 -24"><span class='ocrx_word' id='word_1_141' title='bbox 124 2100 197 2167; x_wconf 84' lang='grc' dir='ltr'>ΟΚ,</span> <span class='ocrx_word' id='word_1_142' title='bbox 213 2124 234 2166; x_wconf 85' lang='lat' dir='ltr'>e</span> <span class='ocrx_word' id='word_1_143' title='bbox 255 2121 417 2167; x_wconf 85' lang='lat' dir='ltr'>marmore</span> <span class='ocrx_word' id='word_1_144' title='bbox 442 2097 614 2191; x_wconf 76' lang='lat' dir='ltr'>Sandovic.</span> <span class='ocrx_word' id='word_1_145' title='bbox 637 2105 786 2176; x_wconf 85' lang='lat' dir='ltr'>annotat,</span> <span class='ocrx_word' id='word_1_146' title='bbox 813 2105 858 2163; x_wconf 87' lang='lat' dir='ltr'>et·</span> <span class='ocrx_word' id='word_1_147' title='bbox 873 2119 917 2162; x_wconf 84' lang='lat' dir='ltr'>ex</span> <span class='ocrx_word' id='word_1_148' title='bbox 937 2096 1033 2163; x_wconf 88' lang='lat' dir='ltr'>duhio</span> <span class='ocrx_word' id='word_1_149' title='bbox 1054 2097 1218 2172; x_wconf 84' lang='lat' dir='ltr'>Leucadio</span> <span class='ocrx_word' id='word_1_150' title='bbox 1239 2110 1279 2174; x_wconf 88' lang='lat' dir='ltr'>ti·</span> 
     </span>
     <span class='ocr_line' id='line_1_19' title="bbox 121 2200 1277 2295; baseline 0.003 -22"><span class='ocrx_word' id='word_1_151' title='bbox 121 2205 193 2274; x_wconf 91' lang='lat' dir='ltr'>tulo</span> <span class='ocrx_word' id='word_1_152' title='bbox 222 2203 292 2288; x_wconf 81' lang='lat'>00.</span> <span class='ocrx_word' id='word_1_153' title='bbox 336 2203 416 2285; x_wconf 75' lang='lat' dir='ltr'>Sea.</span> <span class='ocrx_word' id='word_1_154' title='bbox 432 2203 515 2294; x_wconf 83' lang='lat' dir='ltr'>qaod</span> <span class='ocrx_word' id='word_1_155' title='bbox 529 2205 584 2273; x_wconf 82' lang='lat' dir='ltr'>ad.</span> <span class='ocrx_word' id='word_1_156' title='bbox 599 2210 674 2271; x_wconf 75' lang='lat' dir='ltr'>ram?</span> <span class='ocrx_word' id='word_1_157' title='bbox 690 2203 801 2292; x_wconf 75' lang='lat' dir='ltr'>ipsam·</span> <span class='ocrx_word' id='word_1_158' title='bbox 816 2200 949 2295; x_wconf 75' lang='lat' dir='ltr'>speclat&#39;</span> <span class='ocrx_word' id='word_1_159' title='bbox 961 2203 1110 2293; x_wconf 78' lang='lat' dir='ltr'>Scuour.</span> <span class='ocrx_word' id='word_1_160' title='bbox 1128 2209 1169 2285; x_wconf 83' lang='lat' dir='ltr'>arl</span> <span class='ocrx_word' id='word_1_161' title='bbox 1180 2211 1277 2283; x_wconf 69' lang='lat' dir='ltr'>Pron.</span> 
     </span>
     <span class='ocr_line' id='line_1_20' title="bbox 119 2309 1279 2400; baseline 0.01 -20"><span class='ocrx_word' id='word_1_162' title='bbox 119 2309 792 2400; x_wconf 75' lang='lat' dir='ltr'>vaticcent-tv‚3t‚p.321nm0rat,</span> <span class='ocrx_word' id='word_1_163' title='bbox 826 2317 914 2378; x_wconf 89' lang='lat' dir='ltr'>recte</span> <span class='ocrx_word' id='word_1_164' title='bbox 940 2309 1008 2379; x_wconf 73' lang='lat' dir='ltr'>sibi.</span> <span class='ocrx_word' id='word_1_165' title='bbox 1029 2314 1132 2383; x_wconf 86' lang='lat' dir='ltr'>videri</span> <span class='ocrx_word' id='word_1_166' title='bbox 1160 2319 1195 2386; x_wconf 82' lang='lat' dir='ltr'>in</span> <span class='ocrx_word' id='word_1_167' title='bbox 1213 2318 1279 2392; x_wconf 88' lang='lat' dir='ltr'>hoc</span> 
     </span>
     <span class='ocr_line' id='line_1_21' title="bbox 119 2414 1279 2514; baseline 0.009 -30"><span class='ocrx_word' id='word_1_168' title='bbox 119 2417 192 2486; x_wconf 87' lang='lat' dir='ltr'>loco</span> <span class='ocrx_word' id='word_1_169' title='bbox 213 2415 347 2484; x_wconf 82' lang='lat' dir='ltr'>&#39;narrari</span> <span class='ocrx_word' id='word_1_170' title='bbox 367 2415 426 2485; x_wconf 77' lang='lat' dir='ltr'>ue.</span> <span class='ocrx_word' id='word_1_171' title='bbox 449 2414 560 2483; x_wconf 86' lang='lat' dir='ltr'>ltaliae</span> <span class='ocrx_word' id='word_1_172' title='bbox 582 2416 738 2496; x_wconf 83' lang='lat' dir='ltr'>Tarento,</span> <span class='ocrx_word' id='word_1_173' title='bbox 768 2428 854 2507; x_wconf 80' lang='lat' dir='ltr'>quae</span> <span class='ocrx_word' id='word_1_174' title='bbox 881 2437 931 2506; x_wconf 85' lang='lat' dir='ltr'>ap.</span> <span class='ocrx_word' id='word_1_175' title='bbox 960 2417 1096 2488; x_wconf 90' lang='lat' dir='ltr'>Suidam</span> <span class='ocrx_word' id='word_1_176' title='bbox 1118 2426 1160 2514; x_wconf 83' lang='lat' dir='ltr'>(p.</span> <span class='ocrx_word' id='word_1_177' title='bbox 1179 2427 1279 2513; x_wconf 81' lang='lat'><strong>3797)</strong></span> 
     </span>
     <span class='ocr_line' id='line_1_22' title="bbox 119 2520 1278 2612; baseline 0.009 -19"><span class='ocrx_word' id='word_1_178' title='bbox 119 2523 204 2593; x_wconf 89' lang='lat' dir='ltr'>male</span> <span class='ocrx_word' id='word_1_179' title='bbox 228 2523 270 2590; x_wconf 82' lang='lat' dir='ltr'>de</span> <span class='ocrx_word' id='word_1_180' title='bbox 291 2520 436 2604; x_wconf 83' lang='lat' dir='ltr'>Siciliae,</span> <span class='ocrx_word' id='word_1_181' title='bbox 463 2523 516 2591; x_wconf 77' lang='lat' dir='ltr'>eui</span> <span class='ocrx_word' id='word_1_182' title='bbox 543 2523 603 2589; x_wconf 86' lang='lat' dir='ltr'>viri</span> <span class='ocrx_word' id='word_1_183' title='bbox 630 2523 723 2590; x_wconf 57' lang='lat' dir='ltr'>docti&gt;</span> <span class='ocrx_word' id='word_1_184' title='bbox 738 2523 879 2612; x_wconf 79' lang='lat' dir='ltr'>opinioni</span> <span class='ocrx_word' id='word_1_185' title='bbox 902 2546 968 2592; x_wconf 90' lang='lat' dir='ltr'>non</span> <span class='ocrx_word' id='word_1_186' title='bbox 990 2528 1037 2595; x_wconf 90' lang='lat' dir='ltr'>sic</span> <span class='ocrx_word' id='word_1_187' title='bbox 1050 2537 1181 2599; x_wconf 84' lang='lat' dir='ltr'>&#39;temere</span> <span class='ocrx_word' id='word_1_188' title='bbox 1201 2535 1278 2603; x_wconf 80' lang='lat' dir='ltr'>suh·</span> 
     </span>
     <span class='ocr_line' id='line_1_23' title="bbox 119 2626 1278 2721; baseline 0.003 -24"><span class='ocrx_word' id='word_1_189' title='bbox 119 2630 261 2699; x_wconf 83' lang='lat' dir='ltr'>scrihere</span> <span class='ocrx_word' id='word_1_190' title='bbox 282 2627 390 2710; x_wconf 89' lang='lat' dir='ltr'>velim,</span> <span class='ocrx_word' id='word_1_191' title='bbox 413 2651 561 2719; x_wconf 82' lang='lat' dir='ltr'>cumap.</span> <span class='ocrx_word' id='word_1_192' title='bbox 584 2626 669 2696; x_wconf 88' lang='lat' dir='ltr'>Plut</span> <span class='ocrx_word' id='word_1_193' title='bbox 690 2627 908 2711; x_wconf 28' lang='lat' dir='ltr'>demanant.</span> <span class='ocrx_word' id='word_1_194' title='bbox 920 2653 950 2720; x_wconf 94' lang='lat' dir='ltr'>p.</span> <span class='ocrx_word' id='word_1_195' title='bbox 963 2631 1025 2699; x_wconf 87' lang='grc'>831</span> <span class='ocrx_word' id='word_1_196' title='bbox 1048 2648 1204 2721; x_wconf 86' lang='lat' dir='ltr'>narretur,</span> <span class='ocrx_word' id='word_1_197' title='bbox 1227 2664 1278 2708; x_wconf 65' lang='lat' dir='ltr'>re,</span> 
     </span>
     <span class='ocr_line' id='line_1_24' title="bbox 118 2733 1281 2828; baseline 0.009 -26"><span class='ocrx_word' id='word_1_198' title='bbox 118 2735 251 2828; x_wconf 81' lang='lat' dir='ltr'>liquisse</span> <span class='ocrx_word' id='word_1_199' title='bbox 277 2733 497 2805; x_wconf 81' lang='lat' dir='ltr'>Philoxenum</span> <span class='ocrx_word' id='word_1_200' title='bbox 523 2733 646 2823; x_wconf 77' lang='grc' dir='ltr'><strong><em>κλῆρον</em></strong></span> <span class='ocrx_word' id='word_1_201' title='bbox 671 2733 956 2818; x_wconf 72' lang='lat' dir='ltr'>cuunrsiculurn,</span> <span class='ocrx_word' id='word_1_202' title='bbox 987 2740 1062 2828; x_wconf 85' lang='lat' dir='ltr'>quia</span> <span class='ocrx_word' id='word_1_203' title='bbox 1088 2742 1281 2815; x_wconf 77' lang='lat' dir='ltr'>subdulcem‘</span> 
     </span>
     <span class='ocr_line' id='line_1_25' title="bbox 118 2839 1278 2930; baseline 0.009 -21"><span class='ocrx_word' id='word_1_204' title='bbox 118 2840 224 2923; x_wconf 83' lang='lat' dir='ltr'>illam,</span> <span class='ocrx_word' id='word_1_205' title='bbox 242 2839 547 2930; x_wconf 79' lang='lat' dir='ltr'>.atque²·delicatam</span> <span class='ocrx_word' id='word_1_206' title='bbox 574 2844 673 2908; x_wconf 85' lang='lat' dir='ltr'>vitam</span> <span class='ocrx_word' id='word_1_207' title='bbox 699 2843 848 2909; x_wconf 72' lang='lat' dir='ltr'>nonnisi</span> <span class='ocrx_word' id='word_1_208' title='bbox 869 2841 1059 2913; x_wconf 87' lang='lat' dir='ltr'>detrimento</span> <span class='ocrx_word' id='word_1_209' title='bbox 1082 2850 1278 2919; x_wconf 82' lang='lat' dir='ltr'>musicarum</span> 
     </span>
     <span class='ocr_line' id='line_1_26' title="bbox 119 2945 1277 3043; baseline 0.005 -28"><span class='ocrx_word' id='word_1_210' title='bbox 119 2949 235 3041; x_wconf 83' lang='lat' dir='ltr'>artium</span> <span class='ocrx_word' id='word_1_211' title='bbox 256 2946 382 3015; x_wconf 89' lang='lat' dir='ltr'>videret</span> <span class='ocrx_word' id='word_1_212' title='bbox 402 2945 561 3015; x_wconf 78' lang='lat' dir='ltr'>venalem.</span> <span class='ocrx_word' id='word_1_213' title='bbox 606 2945 834 3019; x_wconf 36' lang='lat' dir='ltr'>Haudvdubio.</span> <span class='ocrx_word' id='word_1_214' title='bbox 847 2948 945 3036; x_wconf 87' lang='lat' dir='ltr'>igitur</span> <span class='ocrx_word' id='word_1_215' title='bbox 973 2959 1144 3039; x_wconf 78' lang='lat' dir='ltr'>postquam</span> <span class='ocrx_word' id='word_1_216' title='bbox 1165 2953 1277 3043; x_wconf 86' lang='lat' dir='ltr'>lapidi-</span> 
     </span>
     <span class='ocr_line' id='line_1_27' title="bbox 118 3052 1277 3145; baseline 0.007 -24"><span class='ocrx_word' id='word_1_217' title='bbox 118 3054 207 3121; x_wconf 82' lang='lat' dir='ltr'>cinae</span> <span class='ocrx_word' id='word_1_218' title='bbox 232 3053 343 3143; x_wconf 82' lang='lat' dir='ltr'>effugit</span> <span class='ocrx_word' id='word_1_219' title='bbox 363 3055 396 3119; x_wconf 90' lang='lat' dir='ltr'>in</span> <span class='ocrx_word' id='word_1_220' title='bbox 418 3075 533 3143; x_wconf 85' lang='lat' dir='ltr'>agrum</span> <span class='ocrx_word' id='word_1_221' title='bbox 553 3074 649 3121; x_wconf 89' lang='lat' dir='ltr'>suum</span> <span class='ocrx_word' id='word_1_222' title='bbox 660 3052 807 3123; x_wconf 79' lang='lat' dir='ltr'>siculum</span> <span class='ocrx_word' id='word_1_223' title='bbox 825 3075 973 3119; x_wconf 82' lang='lat' dir='ltr'>reversus</span> <span class='ocrx_word' id='word_1_224' title='bbox 998 3064 1056 3135; x_wconf 83' lang='lat' dir='ltr'>est,</span> <span class='ocrx_word' id='word_1_225' title='bbox 1079 3078 1176 3145; x_wconf 79' lang='lat' dir='ltr'>quam</span> <span class='ocrx_word' id='word_1_226' title='bbox 1198 3082 1277 3128; x_wconf 89' lang='lat' dir='ltr'>con-</span> 
     </span>
     <span class='ocr_line' id='line_1_28' title="bbox 116 3154 1276 3257; baseline 0.009 -31"><span class='ocrx_word' id='word_1_227' title='bbox 116 3161 277 3226; x_wconf 81' lang='lat' dir='ltr'>iecturam</span> <span class='ocrx_word' id='word_1_228' title='bbox 303 3158 503 3250; x_wconf 78' lang='lat' dir='ltr'>atiquatenus</span> <span class='ocrx_word' id='word_1_229' title='bbox 529 3159 688 3228; x_wconf 75' lang='lat' dir='ltr'>sustinere</span> <span class='ocrx_word' id='word_1_230' title='bbox 707 3158 842 3243; x_wconf 20' lang='lat' dir='ltr'>&#39;videtur</span> <span class='ocrx_word' id='word_1_231' title='bbox 867 3154 976 3225; x_wconf 85' lang='lat' dir='ltr'>Sahal.</span> <span class='ocrx_word' id='word_1_232' title='bbox 997 3158 1083 3227; x_wconf 87' lang='lat' dir='ltr'>Plut</span> <span class='ocrx_word' id='word_1_233' title='bbox 1104 3162 1158 3230; x_wconf 90' lang='lat' dir='ltr'>Ar.</span> <span class='ocrx_word' id='word_1_234' title='bbox 1180 3169 1276 3257; x_wconf 65' lang='lat' dir='ltr'>pao.</span> 
     </span>
     <span class='ocr_line' id='line_1_29' title="bbox 116 3251 1276 3362; baseline 0.008 -30"><span class='ocrx_word' id='word_1_235' title='bbox 116 3263 316 3335; x_wconf 70' lang='lat' dir='ltr'>Heumann.</span> <span class='ocrx_word' id='word_1_236' title='bbox 339 3263 456 3352; x_wconf 80' lang='grc' dir='ltr'><strong><em>φνγιίν</em></strong></span> <span class='ocrx_word' id='word_1_237' title='bbox 469 3263 506 3330; x_wconf 75' lang='grc' dir='ltr'>δὲ</span> <span class='ocrx_word' id='word_1_238' title='bbox 526 3265 656 3331; x_wconf 67' lang='lat' dir='ltr'>tuton</span> <span class='ocrx_word' id='word_1_239' title='bbox 676 3251 786 3343; x_wconf 81' lang='grc' dir='ltr'><strong><em>ἦλθιν</em></strong></span> <span class='ocrx_word' id='word_1_240' title='bbox 807 3261 854 3339; x_wconf 74' lang='grc' dir='ltr'>είς</span> <span class='ocrx_word' id='word_1_241' title='bbox 875 3260 1036 3353; x_wconf 72' lang='grc' dir='ltr'><strong><em>τὰμέρη</em></strong></span> <span class='ocrx_word' id='word_1_242' title='bbox 1058 3268 1276 3362; x_wconf 76' lang='grc' dir='ltr'>Κυθήρων.</span> 
     </span>
     <span class='ocr_line' id='line_1_30' title="bbox 169 3367 1277 3469; baseline 0.013 -32"><span class='ocrx_word' id='word_1_243' title='bbox 169 3396 172 3403; x_wconf 96' lang='grc'><em>·</em></span> <span class='ocrx_word' id='word_1_244' title='bbox 203 3371 487 3461; x_wconf 57' lang='lat' dir='ltr'>§ennumquam</span> <span class='ocrx_word' id='word_1_245' title='bbox 514 3370 757 3439; x_wconf 83' lang='lat' dir='ltr'>inenarranda</span> <span class='ocrx_word' id='word_1_246' title='bbox 782 3367 953 3441; x_wconf 80' lang='lat' dir='ltr'>Philoxeni</span> <span class='ocrx_word' id='word_1_247' title='bbox 982 3375 1048 3442; x_wconf 83' lang='lat' dir='ltr'>vita</span> <span class='ocrx_word' id='word_1_248' title='bbox 1076 3382 1277 3469; x_wconf 78' lang='lat' dir='ltr'>progredior,</span> 
     </span>
     <span class='ocr_line' id='line_1_31' title="bbox 118 3473 1276 3576; baseline 0.009 -33"><span class='ocrx_word' id='word_1_249' title='bbox 118 3478 242 3547; x_wconf 87' lang='lat' dir='ltr'>iterum·</span> <span class='ocrx_word' id='word_1_250' title='bbox 263 3478 305 3544; x_wconf 89' lang='lat' dir='ltr'>ad</span> <span class='ocrx_word' id='word_1_251' title='bbox 324 3476 481 3568; x_wconf 88' lang='lat' dir='ltr'>liquidum</span> <span class='ocrx_word' id='word_1_252' title='bbox 508 3476 716 3568; x_wconf 78' lang='lat' dir='ltr'>perducenda</span> <span class='ocrx_word' id='word_1_253' title='bbox 743 3476 812 3544; x_wconf 75' lang='lat' dir='ltr'>erit.</span> <span class='ocrx_word' id='word_1_254' title='bbox 831 3473 1030 3549; x_wconf 75' lang='lat' dir='ltr'>Scholiastae</span> <span class='ocrx_word' id='word_1_255' title='bbox 1054 3485 1213 3576; x_wconf 88' lang='lat' dir='ltr'>quaedam</span> <span class='ocrx_word' id='word_1_256' title='bbox 1234 3489 1276 3558; x_wconf 88' lang='lat' dir='ltr'>ad</span> 
     </span>
     <span class='ocr_line' id='line_1_32' title="bbox 115 3581 1274 3684; baseline 0.01 -33"><span class='ocrx_word' id='word_1_257' title='bbox 115 3581 321 3653; x_wconf 66' lang='lat' dir='ltr'>arionPlur.</span> <span class='ocrx_word' id='word_1_258' title='bbox 336 3606 374 3674; x_wconf 89' lang='lat' dir='ltr'>·p.</span> <span class='ocrx_word' id='word_1_259' title='bbox 394 3584 452 3652; x_wconf 69' lang='grc'>58,</span> <span class='ocrx_word' id='word_1_260' title='bbox 469 3582 508 3654; x_wconf 85' lang='lat' dir='ltr'>de</span> <span class='ocrx_word' id='word_1_261' title='bbox 538 3581 719 3653; x_wconf 85' lang='lat' dir='ltr'>Philoxeno</span> <span class='ocrx_word' id='word_1_262' title='bbox 741 3591 853 3651; x_wconf 84' lang='lat' dir='ltr'>nostro</span> <span class='ocrx_word' id='word_1_263' title='bbox 871 3584 1016 3670; x_wconf 87' lang='lat' dir='ltr'>traditio,</span> <span class='ocrx_word' id='word_1_264' title='bbox 1043 3612 1102 3680; x_wconf 84' lang='lat' dir='ltr'>per</span> <span class='ocrx_word' id='word_1_265' title='bbox 1124 3604 1221 3684; x_wconf 87' lang='lat' dir='ltr'>quam</span> <span class='ocrx_word' id='word_1_266' title='bbox 1241 3597 1274 3662; x_wconf 92' lang='lat' dir='ltr'>in</span> 
     </span>
     <span class='ocr_line' id='line_1_33' title="bbox 115 3687 1275 3786; baseline 0.009 -32"><span class='ocrx_word' id='word_1_267' title='bbox 115 3687 256 3756; x_wconf 84' lang='lat' dir='ltr'>similem</span> <span class='ocrx_word' id='word_1_268' title='bbox 283 3690 350 3756; x_wconf 85' lang='lat' dir='ltr'>lere</span> <span class='ocrx_word' id='word_1_269' title='bbox 380 3691 410 3756; x_wconf 93' lang='lat' dir='ltr'>ei</span> <span class='ocrx_word' id='word_1_270' title='bbox 438 3688 657 3756; x_wconf 86' lang='lat' dir='ltr'>difficultatem</span> <span class='ocrx_word' id='word_1_271' title='bbox 683 3687 858 3772; x_wconf 86' lang='lat' dir='ltr'>illabimur,</span> <span class='ocrx_word' id='word_1_272' title='bbox 887 3715 983 3781; x_wconf 86' lang='lat' dir='ltr'>quam</span> <span class='ocrx_word' id='word_1_273' title='bbox 1010 3696 1119 3786; x_wconf 86' lang='lat' dir='ltr'>paullo</span> <span class='ocrx_word' id='word_1_274' title='bbox 1152 3708 1227 3764; x_wconf 83' lang='lat' dir='ltr'>ante</span> <span class='ocrx_word' id='word_1_275' title='bbox 1255 3721 1275 3765; x_wconf 93' lang='lat' dir='ltr'>e</span> 
     </span>
     <span class='ocr_line' id='line_1_34' title="bbox 114 3789 1273 3888; baseline 0.006 -27"><span class='ocrx_word' id='word_1_276' title='bbox 114 3795 222 3863; x_wconf 87' lang='lat' dir='ltr'>medio</span> <span class='ocrx_word' id='word_1_277' title='bbox 240 3795 443 3864; x_wconf 69' lang='lat' dir='ltr'>sustulimus.</span> <span class='ocrx_word' id='word_1_278' title='bbox 486 3797 540 3864; x_wconf 84' lang='lat' dir='ltr'>Ait</span> <span class='ocrx_word' id='word_1_279' title='bbox 560 3794 757 3864; x_wconf 86' lang='lat' dir='ltr'>Scholiasta:</span> <span class='ocrx_word' id='word_1_280' title='bbox 779 3789 889 3878; x_wconf 73' lang='lat' dir='ltr'>„nilon</span> <span class='ocrx_word' id='word_1_281' title='bbox 912 3798 947 3864; x_wconf 81' lang='grc' dir='ltr'>δὲ</span> <span class='ocrx_word' id='word_1_282' title='bbox 969 3801 1127 3888; x_wconf 54' lang='lat' dir='ltr'>&amp;contio</span> <span class='ocrx_word' id='word_1_283' title='bbox 1148 3789 1191 3878; x_wconf 82' lang='grc' dir='ltr'>ἦν</span> <span class='ocrx_word' id='word_1_284' title='bbox 1216 3804 1273 3868; x_wconf 84' lang='grc' dir='ltr'>Τι-</span> 
     </span>
     <span class='ocr_line' id='line_1_35' title="bbox 113 3891 1273 3990; baseline 0.009 -25"><span class='ocrx_word' id='word_1_285' title='bbox 113 3897 266 3990; x_wconf 78' lang='grc' dir='ltr'><strong><em>μάνδρας</em></strong></span> <span class='ocrx_word' id='word_1_286' title='bbox 292 3893 365 3980; x_wconf 77' lang='grc' dir='ltr'><strong><em>ἥτις</em></strong></span> <span class='ocrx_word' id='word_1_287' title='bbox 396 3902 430 3982; x_wconf 75' lang='grc' dir='ltr'>ἐξ</span> <span class='ocrx_word' id='word_1_288' title='bbox 448 3897 594 3988; x_wconf 79' lang='grc' dir='ltr'><em>Ὑκάρων</em></span> <span class='ocrx_word' id='word_1_289' title='bbox 615 3902 673 3981; x_wconf 81' lang='grc' dir='ltr'>τῆς</span> <span class='ocrx_word' id='word_1_290' title='bbox 694 3901 847 3980; x_wconf 77' lang='grc' dir='ltr'>Σικελίας</span> <span class='ocrx_word' id='word_1_291' title='bbox 866 3891 918 3982; x_wconf 80' lang='grc' dir='ltr'>ἦν.</span> <span class='ocrx_word' id='word_1_292' title='bbox 959 3903 1085 3983; x_wconf 81' lang='grc' dir='ltr'><strong><em>ταύτην</em></strong></span> <span class='ocrx_word' id='word_1_293' title='bbox 1107 3905 1143 3966; x_wconf 78' lang='grc' dir='ltr'>δὲ</span> <span class='ocrx_word' id='word_1_294' title='bbox 1168 3905 1273 3975; x_wconf 78' lang='grc' dir='ltr'><strong><em>Φιλο-</em></strong></span> 
     </span>
     <span class='ocr_line' id='line_1_36' title="bbox 113 4007 1274 4102; baseline -0.001 -30"><span class='ocrx_word' id='word_1_295' title='bbox 113 4007 194 4097; x_wconf 81' lang='grc' dir='ltr'><strong><em>ξένῳ</em></strong></span> <span class='ocrx_word' id='word_1_296' title='bbox 222 4008 269 4098; x_wconf 77' lang='grc' dir='ltr'>τῷ</span> <span class='ocrx_word' id='word_1_297' title='bbox 298 4007 583 4100; x_wconf 77' lang='grc' dir='ltr'><strong><em>διθυραμβοποιῳ</em></strong></span> <span class='ocrx_word' id='word_1_298' title='bbox 610 4009 728 4074; x_wconf 79' lang='grc' dir='ltr'><em>δέδωκε</em></span> <span class='ocrx_word' id='word_1_299' title='bbox 757 4007 933 4084; x_wconf 82' lang='grc' dir='ltr'><strong><em>Διονύσιος</em></strong></span> <span class='ocrx_word' id='word_1_300' title='bbox 961 4008 1037 4074; x_wconf 80' lang='grc' dir='ltr'>ὁέν</span> <span class='ocrx_word' id='word_1_301' title='bbox 1057 4007 1195 4102; x_wconf 77' lang='grc' dir='ltr'><strong><em>Σικελίᾳ</em></strong></span> <span class='ocrx_word' id='word_1_302' title='bbox 1216 4014 1274 4082; x_wconf 68' lang='grc' dir='ltr'>τύ.</span> 
     </span>
     <span class='ocr_line' id='line_1_37' title="bbox 112 4100 1274 4209; baseline 0.008 -30"><span class='ocrx_word' id='word_1_303' title='bbox 112 4136 245 4202; x_wconf 76' lang='grc' dir='ltr'><strong><em>ραννος.</em></strong></span> <span class='ocrx_word' id='word_1_304' title='bbox 278 4104 525 4203; x_wconf 74' lang='grc' dir='ltr'><strong><em>εἰς”Κὸρινθον</em></strong></span> <span class='ocrx_word' id='word_1_305' title='bbox 546 4100 737 4195; x_wconf 76' lang='grc' dir='ltr'><strong><em>οὖν’ἦλθιν</em></strong></span> <span class='ocrx_word' id='word_1_306' title='bbox 759 4106 832 4201; x_wconf 77' lang='grc' dir='ltr'>ἅμα</span> <span class='ocrx_word' id='word_1_307' title='bbox 848 4111 1015 4199; x_wconf 77' lang='grc' dir='ltr'>Φιλοξένῳ</span> <span class='ocrx_word' id='word_1_308' title='bbox 1035 4114 1092 4179; x_wconf 82' lang='grc' dir='ltr'>καὶ</span> <span class='ocrx_word' id='word_1_309' title='bbox 1113 4112 1274 4209; x_wconf 70' lang='grc' dir='ltr'>ἐπίδημος</span> 
     </span>
     <span class='ocr_line' id='line_1_38' title="bbox 110 4215 1291 4315; baseline 0.005 -31"><span class='ocrx_word' id='word_1_310' title='bbox 110 4221 181 4287; x_wconf 71' lang='grc' dir='ltr'>ἐκεῖ</span> <span class='ocrx_word' id='word_1_311' title='bbox 198 4221 327 4311; x_wconf 67' lang='grc' dir='ltr'><strong><em>ἐγένετο</em></strong></span> <span class='ocrx_word' id='word_1_312' title='bbox 349 4224 404 4285; x_wconf 85' lang='grc' dir='ltr'>καί</span> <span class='ocrx_word' id='word_1_313' title='bbox 427 4217 580 4306; x_wconf 76' lang='grc' dir='ltr'><strong><em>ἐφιλὴθη</em></strong></span> <span class='ocrx_word' id='word_1_314' title='bbox 602 4217 668 4284; x_wconf 80' lang='grc' dir='ltr'>ὑπὸ</span> <span class='ocrx_word' id='word_1_315' title='bbox 690 4215 834 4284; x_wconf 78' lang='grc' dir='ltr'><strong><em>πάντων.</em></strong></span> <span class='ocrx_word' id='word_1_316' title='bbox 869 4215 955 4280; x_wconf 78' lang='lat' dir='ltr'>Ouid</span> <span class='ocrx_word' id='word_1_317' title='bbox 976 4219 1078 4288; x_wconf 75' lang='lat' dir='ltr'>vero?</span> <span class='ocrx_word' id='word_1_318' title='bbox 1102 4229 1188 4315; x_wconf 87' lang='lat' dir='ltr'>quod</span> <span class='ocrx_word' id='word_1_319' title='bbox 1209 4229 1291 4293; x_wconf 82' lang='lat' dir='ltr'>iarn·</span> 
     </span>
     <span class='ocr_line' id='line_1_39' title="bbox 1054 4329 1071 4377; baseline 0 0"><span class='ocrx_word' id='word_1_320' title='bbox 1054 4329 1071 4377; x_wconf 78' lang='lat' dir='ltr'>n</span> 
     </span>
    </p>
   </div>
   <div class='ocr_carea' id='block_1_3' title="bbox 0 0 1404 4666">
    <p class='ocr_par' dir='ltr' id='par_1_3' title="bbox 0 0 1404 4666">
     <span class='ocr_line' id='line_1_40' title="bbox 0 0 1404 4666; baseline 0 2"><span class='ocrx_word' id='word_1_321' title='bbox 0 0 1404 4666; x_wconf 95' lang='lat' dir='ltr'> </span> 
     </span>
    </p>
   </div>
  </div>
 </body>
</html>
