2798 4666
195 269 271 342 258

193 456 348 526 Truditur
387 454 471 518 enirn
512 451 679 519 artificium
718 451 866 535 artifieio,
906 456 1059 545 perfectio
1098 457 1356 548 perfectionibus.

194 567 303 648 Quare
325 582 431 649 neque
453 556 602 623 Bullialdi
624 560 808 649 interpretio
836 560 946 627 locum
969 562 1121 629 tuebitur:
1152 563 1283 631 Addidit
1304 565 1357 633 Ti·

193 668 341 735 motheus
363 667 395 731 in
418 662 622 730 tetrachordo
652 663 795 753 hypaton
816 663 1019 757 parhypaton
1040 666 1183 758 hypaten
1205 680 1240 736 et
1261 669 1357 737 licha-

192 800 258 842 non
279 774 423 863 hypaton
445 768 656 835 clnomaticas
678 772 711 835 in
741 770 942 838 tetrachordo
970 795 1084 839 meson
1110 796 1306 863 paramesen
1326 785 1356 843 ct

194 882 341 949 lichanon
371 898 486 943 meson
517 874 626 940 itidem
656 873 876 943 chromaticas.
921 878 1013 945 Haec
1035 880 1121 946 enim
1141 902 1209 946 non
1230 882 1293 947 nisi
1313 879 1357 947 Xl

193 988 305 1054 lidihus
341 994 432 1074 apta:
471 982 649 1046 Censorino
685 1003 763 1047 vcro
798 982 839 1049 de
870 983 1042 1073 plusquam
1074 983 1125 1053 Xl
1156 1008 1265 1053 sermo
1299 997 1355 1054 cst.

191 1096 325 1160 Praeter
345 1088 499 1157 chordam
520 1085 743 1167 undecimum,
770 1109 849 1153 num
871 1088 957 1156 aliud
980 1090 1147 1180 quiddam,
1175 1095 1355 1172 novaverit,

191 1223 256 1265 non
280 1197 356 1263 satis
380 1195 462 1262 scio:
490 1214 566 1257 narn
595 1200 681 1258 certe
704 1189 894 1275 chromatis,
927 1198 1073 1284 quamvis
1095 1196 1213 1264 eodem
1234 1200 1278 1265 sit
1294 1199 1355 1265 ire·

193 1303 399 1394 quentissinre
422 1322 510 1379 usuS,
532 1296 670 1363 absurde
692 1298 840 1364 inventor
862 1300 985 1366 dicitur.
1028 1302 1183 1384 „Certum
1199 1314 1252 1371 est
1272 1306 1355 1373 enim

191 1409 395 1498 Lysandrum
422 1404 611 1492 Sicyonium
644 1402 775 1469 chroma
801 1407 870 1495 jam
900 1429 1091 1496 usurpasse,
1124 1410 1179 1499 qui
1206 1408 1353 1501 Epigono

192 1516 343 1603 Sicyonio
362 1513 521 1578 recentior
543 1519 650 1575 tamen
673 1511 913 1599 antiquissimae
936 1514 1048 1579 aetatis
1070 1515 1213 1581 musicus
1236 1525 1295 1599 est,
1315 1538 1353 1583 ac

192 1622 312 1708 primus
342 1641 384 1682 ex
412 1615 580 1682 citharistis
613 1612 706 1701 plura
733 1615 945 1684 instrumenta
972 1619 1077 1687 eidem
1107 1620 1236 1689 cantico
1264 1620 1352 1689 udlrl-

193 1725 299 1790 lnrisse
314 1723 428 1789 dicitur
442 1728 570 1808 sumpto
587 1722 684 1788 modo
700 1720 763 1787 hoc
778 1721 875 1789 modo
891 1722 963 1791 ulio.
994 1724 1066 1793 Ath.
1078 1724 1167 1809 XIV,
1179 1748 1211 1816 p.
1223 1726 1352 1795 osw

190 1828 332 1897 Bocchh.
346 1828 438 1894 dllP.
456 1826 572 1915 p250.
616 1827 663 1893 Ac
685 1828 897 1895 Praxidamas
926 1831 1056 1921 quidem
1081 1831 1204 1901 Suidae
1225 1858 1257 1901 v.
1276 1830 1352 1921 χιᾶ-

190 1939 255 2017 ζιιν
283 1945 395 2002 auctor
423 1943 486 2014 est,
515 1931 739 2001 Democritum
762 1933 880 2001 Chium
912 1937 982 2019 (sub
1006 1938 1125 2004 Bastae
1152 1940 1285 2007 nomine
1313 1940 1351 2007 ah

190 2042 346 2134 Eupolide
368 2042 505 2122 irrisum)
529 2047 625 2128 atque
647 2040 891 2106 Theoxenidern
911 2041 1081 2132 Siphniurn
1102 2046 1224 2134 primos
1246 2046 1352 2129 luhsc,

189 2153 243 2239 qui
266 2147 460 2216 chromatico
483 2167 602 2235 genere
625 2155 799 2212 uterentur.
833 2148 887 2213 clr.
912 2148 1047 2216 hleinek.
1069 2149 1212 2240 Euphor.
1231 2176 1263 2243 p.
1282 2154 1350 2221 175.

188 2254 305 2344 Bergk.
334 2248 554 2340 Aristophanis
578 2251 613 2315 fr.
638 2251 700 2318 Cll.
736 2250 854 2318 Pollux
883 2254 978 2319 etiam
1005 2254 1060 2338 lV,
1081 2258 1132 2323 65.
1167 2256 1206 2322 τὸ
1237 2260 1350 2347 μέντοι

188 2357 380 2447 separaum
408 2359 465 2422 καὶ
495 2352 648 2434 Χιαζιιν,
680 2357 718 2421 τὸ
751 2360 931 2444 περιέργοις
959 2361 1073 2442 μέλεσι
1096 2364 1256 2450 χρῆσθαι
1284 2360 1349 2435 tuo

187 2464 395 2549 Δημοκρίτου
423 2462 483 2525 τοῦ
515 2461 603 2527 Χίου
633 2466 689 2526 καὶ
720 2462 916 2543 Θιοξινίὸου
947 2469 1008 2530 τοῦ
1033 2467 1191 2556 Σιφνίου,
1223 2466 1261 2549 ὁὶ·
1294 2476 1348 2539 καὶ

184 2566 413 2655 Ὑπεριονίδης
435 2568 595 2647 inulctam
618 2569 703 2633 unde
721 2572 790 2658 jam
812 2570 969 2638 Emcndd.
993 2575 1063 2641 lort.
1080 2598 1110 2665 p.
1129 2577 1168 2641 17
1179 2600 1228 2669 sq.
1263 2580 1347 2649 Ceu·

185 2678 292 2742 sorino
317 2698 344 2741 c.
366 2672 414 2740 lx
442 2695 499 2761 pro
522 2672 697 2762 Hypericlc
729 2674 781 2740 vel
808 2675 973 2765 Hyperide
1001 2680 1125 2749 reddidi
1153 2682 1346 2774 Hypertoni·

185 2784 268 2848 dem.
312 2781 420 2865 Quam
447 2782 666 2869 conjecturam
694 2782 878 2849 etiamnunc
906 2793 1014 2867 tueor,
1043 2786 1119 2855 licet
1146 2790 1345 2879 improbante

184 2887 432 2956 Schneidewino
453 2886 578 2954 Nuncc.
602 2885 744 2976 Gotting.
766 2910 797 2978 p.
823 2890 905 2955 1385
928 2892 1036 2976 (1844)
1063 2895 1114 2960 eui
1137 2897 1281 2965 cundem
1300 2898 1344 2965 lo·

184 3018 260 3061 cum
288 3016 355 3060 non
382 2992 579 3059 mediocrem
614 2992 775 3059 medelam
796 2994 915 3062 debere
937 3020 1035 3088 supro
1061 3000 1202 3071 indicavi
1221 3026 1252 3094 p.
1277 3005 1343 3071 124

183 3100 432 3182 „perfectissimi
458 3108 566 3165 tamen
599 3097 690 3187 lyrici
718 3097 883 3167 chromate
904 3125 1033 3193 semper
1054 3116 1086 3172 et
1108 3107 1229 3198 ubique
1250 3110 1342 3179 obsti·

181 3216 329 3272 nuerunt.
370 3203 406 3271 ln
428 3203 627 3295 tragoediam
648 3206 770 3294 primus
785 3208 911 3274 induxit
926 3209 1081 3298 Agatho.''
1102 3211 1238 3281 Boeckh
1253 3215 1341 3283 dhlP.

181 3334 212 3398 p.
234 3313 307 3376 251.

267 3415 334 3481 Sed
355 3417 521 3484 audiamus
544 3441 629 3492 nunc
652 3420 793 3485 comicos
816 3421 913 3486 eliam
944 3422 985 3489 de
1007 3422 1182 3493 multisono
1206 3450 1340 3519 organo·

180 3544 252 3586 rum
273 3522 408 3609 strepitu
429 3535 672 3614 conquerentes
709 3524 876 3592 Nimirum
891 3530 1030 3595 maxima
1053 3552 1093 3596 eo
1114 3540 1263 3623 tempore
1283 3534 1338 3603 ho·

178 3629 280 3694 nrines
301 3627 463 3693 invaserat
484 3632 626 3696 musicae
653 3630 809 3719 cupiditas
816 3682 825 3712 ,
859 3642 895 3697 nt
919 3633 986 3701 lere
1016 3636 1216 3707 inveniretur
1235 3664 1337 3723 nemo,

178 3737 253 3822 quin
275 3743 331 3800 aut
351 3733 433 3800 tibiis
456 3743 511 3799 aut
532 3733 645 3800 [idibus
667 3737 803 3801 canendi
825 3748 927 3805 artem
947 3740 1087 3824 calleret,
1111 3754 1168 3811 aut
1182 3746 1246 3815 alio
1262 3772 1337 3841 quo-

176 3842 224 3904 vis
248 3863 368 3930 organo
392 3840 589 3907 dexteritatis
615 3863 694 3906 suae
723 3845 887 3931 specimen
915 3847 1073 3935 proderet.
1119 3852 1230 3936 Quum
1252 3856 1337 3947 equi·

176 3944 250 4008 ‹lem
277 3948 511 4013 musomaniam
544 3970 609 4012 non
640 3945 766 4013 inficcte
793 3950 896 4016 rident
925 3953 1156 4043 Aristophanes
1185 3960 1336 4029 Athenaei

176 4045 229 4127 lV,
251 4070 280 4134 p.
307 4053 367 4116 184
389 4052 442 4118 E:

281 4144 372 4229 ὅστις
394 4155 507 4234 αὐλοῖς
529 4162 584 4224 καὶ
608 4155 739 4249 λύραισι
764 4164 1024 4252 κατατέτριμμαι
1052 4166 1233 4257 χρώμενος.

174 4269 204 4322 et
229 4256 427 4344 Phrynichus
452 4265 521 4329 ibid.
