2798 4672
179 245 252 319 194

175 431 303 510 darum,
333 448 433 517 quum
466 424 695 493 Thebanorum
727 423 787 491 sibi
817 422 930 491 laudes
968 425 1074 491 dicere
1103 426 1338 515 proposuisset,

174 532 366 625 dithyrambi
388 555 515 622 quoque
536 532 574 597 iis
605 531 752 597 tribuisse
780 532 965 613 inventum;
994 540 1030 596 ut
1057 554 1132 597 cum
1153 530 1337 599 Scholiasta

172 644 193 710 Ι.
216 643 237 708 l.
264 641 379 730 loquar
407 637 466 702 daci
497 634 537 701 τὸ
570 633 760 722 (Διόνυσον)
785 636 883 719 δόξαι
908 634 1185 725 potetestate-2
1207 637 1244 705 ἐκ
1276 637 1336 719 τῆς

173 748 319 834 Σεμέλης
340 745 397 808 καὶ
417 742 479 807 τοῦ
500 744 609 831 μηροῦ
636 745 698 808 τοῦ
716 739 808 821 Διὸς·
844 744 983 810 eundem
1005 756 1083 810 vero
1102 767 1181 811 cum
1201 744 1336 813 Naxum

174 855 336 924 celebrare
367 849 480 930 ¹vellet,
511 873 617 939 neque
648 851 724 917 huic
754 851 878 933 insulae
911 849 1112 940 abjudicasse
1143 848 1336 939 dithyrambi

174 966 287 1041 decus,
315 953 391 1023 ἀπὸ·
408 956 467 1021 τοῦ
486 952 550 1020 ὑπὸ
573 953 681 1045 ἀντρῷ
703 953 838 1045 διθύρῳ.
857 956 1026 1043 τραφῆναι
1048 954 1126 1039 (τὸν.
1145 951 1336 1043 Διόνυσον).

174 1071 213 1137 cl.
236 1064 345 1134 Schol.
366 1061 472 1151 Apoll.
493 1060 598 1127 Rhod.
617 1061 672 1143 lV,
697 1063 806 1129 ll3l.··
823 1063 974 1129 Creuzer
986 1062 1135 1151 Dionys.
1131 1085 1179 1151 -:.·p
1198 1065 1264 1128 297
1286 1088 1335 1155 sq

172 1175 274 1242 Voss.
291 1170 392 1258 Epist.
414 1166 513 1256 lllytlr.
536 1167 568 1248 4,
590 1170 641 1232 77
675 1167 767 1234 Qil.
799 1168 904 1259 Engel
926 1168 1341 1254 01111111.Ν11111.1.-,171Ι

173 1302 247 1371 pag.
269 1278 322 1343 32.
397 1348 401 1355 ,
812 1334 816 1341 ,
1267 1316 1270 1323 -

261 1381 370 1471 Qud?
395 1381 481 1470 quod
503 1379 699 1471 Syracusani
731 1404 860 1471 quoque
873 1322 1070 1469 Dionysum
1094 1382 1180 1470 apud
1204 1406 1248 1450 ,11
1277 1406 1338 1451 na-

174 1505 243 1560 tum
275 1513 348 1557 esse
381 1487 606 1577 gloriabantur.
661 1487 758 1553 Certe
783 1486 854 1553 hoc
889 1512 951 1553 cx.
958 1485 1068 1555 Nomai
1097 1487 1166 1555 libr.
1192 1487 1249 1558 ,lX
1273 1492 1334 1575 ·.(ef

107 1645 113 1655 .
173 1599 282 1695 Etym.
302 1596 405 1682 tlt-p..
418 1595 492 1659 281).
506 1594 568 1675 td)
596 1591 703 1682 colligi
727 1602 844 1682 potest,
874 1593 929 1659 ubi
954 1612 1075 1661 nomen
1095 1593 1234 1682 Dionysi
1250 1596 1336 1665 ·inte

175 1705 345 1782 derivatur,
368 1697 455 1788 quod
476 1698 603 1785 Jupiter
624 1720 707 1763 curn
719 1700 752 1765 in
754 1699 874 1764 1111111111
890 1700 926 1765 111
940 1698 1059 1783 lumbo
1082 1710 1226 1788 portaret
1245 1702 1340 1771 inam.

173 1821 247 1877 111111
258 1805 499 1885 claudicaverit}
522 1804 736 1892 Syracusanis
750 1814 866 1871 autern
862 1805 958 1925 idern
980 1804 1080 1882 νῦσος
1098 1806 1216 1890 valeat,
1231 1816 1337 1953 :atque

172 1912 615 2033 χῶλος,11.,.·,1,1111111111.’

180 2160 194 2191 .·
303 2060 501 2203 diutarium
526 2074 707 2204 Audacem,-
733 2127 803 2189 ἐπεὶ
767 2070 906 2191 iiodt
932 2072 1074 2211 qdpzou
1085 2122 1276 2215 ἀείρων·-

181 2268 219 2297 .=·.
293 2229 373 2297 Ἤϊε
391 2227 577 2316 χωλαίνων
588 2230 756 2319 Κρονίδης
775 2228 955 2317 βεβριθότι
974 2232 1088 2358 pnpqit
1148 2276 1163 2293 .·
1203 2244 1230 2293 ,’
1257 2270 1280 2301 -,;
1333 2284 1336 2289 .

246 2392 249 2397 .
303 2329 458 2413 Νὖσος“
436 2360 489 2401 οτι
510 2334 644 2426 γλώσσῃ
666 2339 895 2425 Συρακόσσιδι
912 2337 1059 2425 χωλὸς’
1039 2336 1160 2406 ακούει,

257 2449 368 2514 Unum
400 2443 524 2509 addam.
554 2444 728 2526 Nimirum,
764 2449 914 2535 quoniam
944 2450 971 2512 si
1002 2450 1055 2537 qui
1086 2446 1152 2528 alii,
1183 2447 1333 2543 Phryges

175 2560 303 2645 quoque
325 2550 365 2615 de
387 2548 586 2639 dithyrambo
609 2548 888 2618 meruissevideri
909 2554 1050 2645 possin't3
1079 2550 1238 2643 siquidem
1267 2576 1333 2619 non

172 2658 270 2753 modo
294 2657 457 2747 aptissima
480 2655 680 2745 dithyrambo
703 2656 843 2752 Phrygia
871 2644 1041 2728 haberetur
1061 2656 1244 2741 harmonia,
1274 2659 1333 2726 sed

172 2775 285 2857 postea
312 2762 407 2829 tibiae
435 2785 562 2851 quoque
584 2763 765 2853 Phrygibus
794 2767 944 2838 inuentae
973 2762 1082 2855 cycliis
1112 2764 1217 2833 choris
1246 2767 1332 2833 aeci-

171 2881 303 2951 nercnt,
329 2868 509 2935 cavendum
538 2879 601 2950 est,
631 2892 672 2935 ne
694 2873 840 2937 Asiaticis
867 2873 935 2937 istis
965 2894 1038 2937 cum
1064 2873 1172 2939 furore
1192 2874 1333 2962 peractis

171 2974 376 3069 religionibus
397 2977 430 3040 in
453 2974 667 3041 describendis
692 2974 848 3067 Graeciae
869 2978 976 3060 festis,
1009 2974 1210 3067 cultibusque
1237 2980 1332 3045 11111111

171 3082 366 3153 auctoritatis
389 3081 579 3162 tribuamus,
612 3104 686 3146 curn
715 3078 799 3170 apud
820 3086 908 3174 ipsos
931 3092 1058 3150 veteres
1079 3085 1267 3174 scriptores,
1297 3094 1333 3151 ut

170 3193 215 3257 ita
235 3189 339 3255 dicam
361 3187 604 3271 κριτικωτὲρους
625 3210 663 3253 11
693 3191 869 3255 constiterit
889 3190 1006 3280 opinio,
1037 3188 1164 3257 Graeca
1185 3182 1218 3255 ct
1239 3191 1332 3256 Asia-

171 3299 234 3364 tica
257 3298 324 3362 sive
343 3292 485 3382 Phrygia
505 3292 663 3359 elementa
693 3294 732 3359 ab
764 3295 899 3384 antiquis
928 3295 1112 3385 mythorum
1142 3296 1332 3386 compilato-

169 3403 256 3468 ribus
279 3400 466 3491 saepissime
495 3423 537 3463 ex
563 3399 737 3489 negligenti
769 3402 909 3491 quodam
931 3401 1157 3467 nonnullarum
1185 3401 1332 3468 similitu-

170 3508 279 3573 dinum
318 3505 556 3593 'comparatione
594 3506 727 3571 confusa
768 3530 848 3572 esse.
908 3507 973 3573 Pro
1010 3530 1072 3597 qua
1100 3506 1332 3574 'confirmanda

169 3612 327 3681 sententia
354 3612 508 3699 insignius
540 3610 726 3703 exemplum
754 3636 840 3679 nunc
862 3637 927 3679 non
947 3612 1068 3695 habeo,
1095 3636 1192 3704 quarn
1220 3614 1329 3681 Cure·

168 3730 238 3787 tum
271 3740 348 3785 curn
375 3715 610 3804 Corybantibus
644 3719 876 3800 confusionem,
918 3722 971 3809 qui
1000 3719 1149 3797 Deorum
1184 3722 1330 3801 ministri,

169 3827 288 3893 Cretici
320 3823 424 3905 alteri,
456 3821 546 3887 alteri
576 3823 722 3914 Phrygii,
758 3826 903 3914 quamvis
930 3824 1008 3890 nihil
1038 3827 1167 3891 omnino
1198 3836 1330 3917 praeter

59 4002 62 4007 ,
168 3942 323 3999 armatam
345 3928 545 3997 saltationem
569 3932 740 3998 commune
762 3929 929 4010 haberent,
957 3939 1066 3998 tamen
1097 3933 1136 3999 ab
1164 3932 1242 4022 ipsis
1270 3956 1328 3999 ve-

166 4038 286 4106 teribus
309 4048 374 4103 tam
396 4060 494 4126 saepe
517 4038 704 4103 commutati
725 4040 820 4117 sunt,¹
845 4043 881 4099 ut
903 4039 1052 4127 egregius
1073 4039 1123 4104 vir
1140 4030 1328 4107 Demetrius

168 4167 218 4233 ap.
251 4142 398 4215 strabon.
429 4141 547 4232 Geogr.
575 4166 606 4232 p.
628 4141 745 4223 4723
777 4164 895 4233 operae
927 4165 962 4209 se
995 4144 1135 4232 pretium
1167 4145 1329 4213 facturum

167 4270 238 4317 esso
267 4247 451 4329 crediderit,
477 4250 505 4313 11
530 4250 696 4339 utriusque
723 4246 851 4335 collegii
882 4249 1037 4338 origines,
1064 4272 1200 4319 munera
1228 4261 1327 4343 atque
