<?xml version="1.0" encoding="UTF-8"?>
<!DOCTYPE html PUBLIC "-//W3C//DTD XHTML 1.0 Transitional//EN"
    "http://www.w3.org/TR/xhtml1/DTD/xhtml1-transitional.dtd">
<html xmlns="http://www.w3.org/1999/xhtml" xml:lang="en" lang="en">
 <head>
  <title>
</title>
<meta http-equiv="Content-Type" content="text/html;charset=utf-8" />
  <meta name='ocr-system' content='tesseract 3.04.00' />
  <meta name='ocr-capabilities' content='ocr_page ocr_carea ocr_par ocr_line ocrx_word'/>
</head>
<body>
  <div class='ocr_page' id='page_1' title='image "./diatribeindithy00schmgoog_0227.png"; bbox 0 0 2798 4666; ppageno 0'>
   <div class='ocr_carea' id='block_1_1' title="bbox 1209 211 1284 286">
    <p class='ocr_par' dir='ltr' id='par_1_1' title="bbox 1209 211 1284 286">
     <span class='ocr_line' id='line_1_1' title="bbox 1209 211 1284 286; baseline 0.013 -1"><span class='ocrx_word' id='word_1_1' title='bbox 1209 211 1284 286; x_wconf 75' lang='lat'><strong>215</strong></span> 
     </span>
    </p>
   </div>
   <div class='ocr_carea' id='block_1_2' title="bbox 113 388 1286 3228">
    <p class='ocr_par' dir='ltr' id='par_1_2' title="bbox 119 388 1286 694">
     <span class='ocr_line' id='line_1_2' title="bbox 120 388 1286 482; baseline 0.002 -23"><span class='ocrx_word' id='word_1_2' title='bbox 120 392 187 459; x_wconf 86' lang='lat' dir='ltr'><strong>sive</strong></span> <span class='ocrx_word' id='word_1_3' title='bbox 207 410 329 480; x_wconf 86' lang='lat' dir='ltr'><strong>magna</strong></span> <span class='ocrx_word' id='word_1_4' title='bbox 352 388 487 458; x_wconf 90' lang='lat' dir='ltr'><strong>deorum</strong></span> <span class='ocrx_word' id='word_1_5' title='bbox 508 397 610 457; x_wconf 87' lang='lat' dir='ltr'><strong>matre</strong></span> <span class='ocrx_word' id='word_1_6' title='bbox 633 391 850 459; x_wconf 84' lang='lat' dir='ltr'><strong>intercedebat</strong></span> <span class='ocrx_word' id='word_1_7' title='bbox 869 389 1073 472; x_wconf 79' lang='lat' dir='ltr'><strong>familiaritas,</strong></span> <span class='ocrx_word' id='word_1_8' title='bbox 1095 402 1286 482; x_wconf 86' lang='lat' dir='ltr'><strong>argumenta</strong></span> 
     </span>
     <span class='ocr_line' id='line_1_3' title="bbox 120 493 1284 587; baseline 0.001 -22"><span class='ocrx_word' id='word_1_9' title='bbox 120 496 395 587; x_wconf 87' lang='lat' dir='ltr'><strong>dithyramborum</strong></span> <span class='ocrx_word' id='word_1_10' title='bbox 424 493 565 584; x_wconf 92' lang='lat' dir='ltr'><strong>quodam</strong></span> <span class='ocrx_word' id='word_1_11' title='bbox 593 496 691 564; x_wconf 88' lang='lat' dir='ltr'><strong>modo</strong></span> <span class='ocrx_word' id='word_1_12' title='bbox 721 497 865 564; x_wconf 87' lang='lat' dir='ltr'><strong>variavit.</strong></span> <span class='ocrx_word' id='word_1_13' title='bbox 910 498 983 583; x_wconf 82' lang='lat' dir='ltr'><strong>Quo</strong></span> <span class='ocrx_word' id='word_1_14' title='bbox 1006 516 1105 567; x_wconf 81' lang='lat' dir='ltr'><strong>senon</strong></span> <span class='ocrx_word' id='word_1_15' title='bbox 1126 497 1284 567; x_wconf 81' lang='lat' dir='ltr'><strong>Pindarus</strong></span> 
     </span>
     <span class='ocr_line' id='line_1_4' title="bbox 119 600 931 694; baseline -0.004 -23"><span class='ocrx_word' id='word_1_16' title='bbox 119 626 272 694; x_wconf 89' lang='lat' dir='ltr'><strong>magnam</strong></span> <span class='ocrx_word' id='word_1_17' title='bbox 291 613 427 669; x_wconf 89' lang='lat' dir='ltr'><strong>matrem</strong></span> <span class='ocrx_word' id='word_1_18' title='bbox 449 600 631 693; x_wconf 74' lang='lat' dir='ltr'><strong>alloquitur.</strong></span> <span class='ocrx_word' id='word_1_19' title='bbox 665 604 713 686; x_wconf 88' lang='lat' dir='ltr'><strong>(fr.</strong></span> <span class='ocrx_word' id='word_1_20' title='bbox 736 603 778 669; x_wconf 80' lang='lat'><strong>49</strong></span> <span class='ocrx_word' id='word_1_21' title='bbox 798 601 931 692; x_wconf 83' lang='lat' dir='ltr'>Bergk.)</span> 
     </span>
    </p>

    <p class='ocr_par' dir='ltr' id='par_1_3' title="bbox 336 706 938 797">
     <span class='ocr_line' id='line_1_5' title="bbox 336 706 938 797; baseline -0.002 -23"><span class='ocrx_word' id='word_1_22' title='bbox 336 759 553 774; x_wconf 91' lang='grc'><strong>.....</strong></span> <span class='ocrx_word' id='word_1_23' title='bbox 598 709 653 773; x_wconf 85' lang='grc' dir='ltr'><strong>σοὶ</strong></span> <span class='ocrx_word' id='word_1_24' title='bbox 674 711 735 793; x_wconf 79' lang='grc' dir='ltr'><strong><em>μὲν</em></strong></span> <span class='ocrx_word' id='word_1_25' title='bbox 753 706 938 797; x_wconf 77' lang='grc' dir='ltr'><strong><em>κατάρχειν,</em></strong></span> 
     </span>
    </p>

    <p class='ocr_par' dir='ltr' id='par_1_4' title="bbox 332 808 1069 902">
     <span class='ocr_line' id='line_1_6' title="bbox 332 808 1069 902; baseline 0.007 -25"><span class='ocrx_word' id='word_1_26' title='bbox 332 815 438 900; x_wconf 80' lang='grc' dir='ltr'><strong><em>μοῖτιρ</em></strong></span> <span class='ocrx_word' id='word_1_27' title='bbox 461 809 601 902; x_wconf 68' lang='grc' dir='ltr'><strong><em>μεγάλα,</em></strong></span> <span class='ocrx_word' id='word_1_28' title='bbox 625 808 714 902; x_wconf 82' lang='grc' dir='ltr'><strong><em>πάρα</em></strong></span> <span class='ocrx_word' id='word_1_29' title='bbox 735 810 858 902; x_wconf 77' lang='grc' dir='ltr'><strong><em>ρύμβσι</em></strong></span> <span class='ocrx_word' id='word_1_30' title='bbox 880 811 1069 902; x_wconf 78' lang='grc' dir='ltr'><strong><em>κυμβάλων,</em></strong></span> 
     </span>
    </p>

    <p class='ocr_par' dir='ltr' id='par_1_5' title="bbox 267 915 1035 1009">
     <span class='ocr_line' id='line_1_7' title="bbox 267 915 1035 1009; baseline 0.005 -25"><span class='ocrx_word' id='word_1_31' title='bbox 267 937 269 941; x_wconf 87' lang='grc'><strong><em>·</em></strong></span> <span class='ocrx_word' id='word_1_32' title='bbox 331 922 367 985; x_wconf 77' lang='grc' dir='ltr'><strong><em>ἐν</em></strong></span> <span class='ocrx_word' id='word_1_33' title='bbox 387 920 425 984; x_wconf 75' lang='grc' dir='ltr'><strong>δὲ</strong></span> <span class='ocrx_word' id='word_1_34' title='bbox 445 915 615 1005; x_wconf 76' lang='grc' dir='ltr'><strong><em>κιχλύδαν</em></strong></span> <span class='ocrx_word' id='word_1_35' title='bbox 636 916 785 1006; x_wconf 69' lang='grc' dir='ltr'><strong><em>κρύταλ’,</em></strong></span> <span class='ocrx_word' id='word_1_36' title='bbox 805 916 977 1009; x_wconf 77' lang='grc' dir='ltr'><strong><em>αἰθομένα</em></strong></span> <span class='ocrx_word' id='word_1_37' title='bbox 1000 923 1035 988; x_wconf 79' lang='grc' dir='ltr'><strong>δὲ</strong></span> 
     </span>
    </p>

    <p class='ocr_par' dir='ltr' id='par_1_6' title="bbox 117 1021 1282 1435">
     <span class='ocr_line' id='line_1_8' title="bbox 331 1021 1191 1114; baseline 0.009 -25"><span class='ocrx_word' id='word_1_38' title='bbox 331 1026 393 1114; x_wconf 69' lang='grc' dir='ltr'><strong>δᾴς</strong></span> <span class='ocrx_word' id='word_1_39' title='bbox 415 1021 481 1092; x_wconf 67' lang='lat' dir='ltr'><strong>rino*</strong></span> <span class='ocrx_word' id='word_1_40' title='bbox 500 1026 665 1108; x_wconf 83' lang='grc' dir='ltr'><strong><em>ξανθαῖσι</em></strong></span> <span class='ocrx_word' id='word_1_41' title='bbox 685 1025 822 1105; x_wconf 77' lang='grc' dir='ltr'><strong><em>πεύκαις</em></strong></span> <span class='ocrx_word' id='word_1_42' title='bbox 865 1082 872 1095; x_wconf 93' lang='grc'><strong>.</strong></span> <span class='ocrx_word' id='word_1_43' title='bbox 917 1081 923 1096; x_wconf 93' lang='grc'><em>.</em></span> <span class='ocrx_word' id='word_1_44' title='bbox 969 1083 977 1098; x_wconf 89' lang='grc'><strong>.</strong></span> <span class='ocrx_word' id='word_1_45' title='bbox 1021 1081 1029 1096; x_wconf 87' lang='grc'><strong>.</strong></span> <span class='ocrx_word' id='word_1_46' title='bbox 1187 1045 1191 1052; x_wconf 82' lang='grc'><em>’</em></span> 
     </span>
     <span class='ocr_line' id='line_1_9' title="bbox 119 1131 1280 1226; baseline 0.001 -25"><span class='ocrx_word' id='word_1_47' title='bbox 119 1133 266 1202; x_wconf 85' lang='lat' dir='ltr'><strong>Telestes</strong></span> <span class='ocrx_word' id='word_1_48' title='bbox 287 1155 383 1222; x_wconf 90' lang='lat' dir='ltr'><strong>porro</strong></span> <span class='ocrx_word' id='word_1_49' title='bbox 403 1132 518 1199; x_wconf 91' lang='lat' dir='ltr'><strong>Athen.</strong></span> <span class='ocrx_word' id='word_1_50' title='bbox 540 1131 619 1200; x_wconf 87' lang='lat' dir='ltr'><strong>XIV</strong></span> <span class='ocrx_word' id='word_1_51' title='bbox 620 1184 629 1216; x_wconf 92' lang='lat'>‚</span> <span class='ocrx_word' id='word_1_52' title='bbox 650 1157 681 1223; x_wconf 74' lang='lat' dir='ltr'><strong>p,</strong></span> <span class='ocrx_word' id='word_1_53' title='bbox 703 1135 767 1202; x_wconf 79' lang='lat'><strong>625</strong></span> <span class='ocrx_word' id='word_1_54' title='bbox 787 1135 814 1201; x_wconf 88' lang='lat' dir='ltr'>F</span> <span class='ocrx_word' id='word_1_55' title='bbox 816 1184 835 1217; x_wconf 87' lang='lat'><strong>.,</strong></span> <span class='ocrx_word' id='word_1_56' title='bbox 863 1135 918 1202; x_wconf 92' lang='lat' dir='ltr'><strong>ubi</strong></span> <span class='ocrx_word' id='word_1_57' title='bbox 944 1135 985 1204; x_wconf 91' lang='lat' dir='ltr'><strong>de</strong></span> <span class='ocrx_word' id='word_1_58' title='bbox 1012 1136 1101 1201; x_wconf 89' lang='lat' dir='ltr'><strong>vario</strong></span> <span class='ocrx_word' id='word_1_59' title='bbox 1124 1134 1210 1226; x_wconf 90' lang='lat' dir='ltr'><strong>apud</strong></span> <span class='ocrx_word' id='word_1_60' title='bbox 1233 1135 1280 1210; x_wconf 89' lang='lat' dir='ltr'><strong>di-</strong></span> 
     </span>
     <span class='ocr_line' id='line_1_10' title="bbox 117 1238 1282 1334; baseline 0.002 -27"><span class='ocrx_word' id='word_1_61' title='bbox 117 1262 229 1307; x_wconf 89' lang='lat' dir='ltr'><strong>versos</strong></span> <span class='ocrx_word' id='word_1_62' title='bbox 259 1238 398 1328; x_wconf 90' lang='lat' dir='ltr'><strong>populos</strong></span> <span class='ocrx_word' id='word_1_63' title='bbox 426 1238 629 1306; x_wconf 87' lang='lat' dir='ltr'><strong>diversorum</strong></span> <span class='ocrx_word' id='word_1_64' title='bbox 655 1263 853 1330; x_wconf 82' lang='lat' dir='ltr'><strong>organorum</strong></span> <span class='ocrx_word' id='word_1_65' title='bbox 880 1264 943 1309; x_wconf 89' lang='lat' dir='ltr'><strong>usu</strong></span> <span class='ocrx_word' id='word_1_66' title='bbox 970 1240 1124 1332; x_wconf 85' lang='lat' dir='ltr'><strong>loquitur,</strong></span> <span class='ocrx_word' id='word_1_67' title='bbox 1153 1250 1282 1334; x_wconf 88' lang='lat' dir='ltr'><strong>praeter</strong></span> 
     </span>
     <span class='ocr_line' id='line_1_11' title="bbox 118 1344 948 1435; baseline -0.002 -21"><span class='ocrx_word' id='word_1_68' title='bbox 118 1345 264 1434; x_wconf 86' lang='lat' dir='ltr'><strong>Cybelen</strong></span> <span class='ocrx_word' id='word_1_69' title='bbox 285 1344 416 1435; x_wconf 90' lang='lat' dir='ltr'><strong>Pelopis</strong></span> <span class='ocrx_word' id='word_1_70' title='bbox 440 1367 569 1435; x_wconf 90' lang='lat' dir='ltr'><strong>quoque</strong></span> <span class='ocrx_word' id='word_1_71' title='bbox 589 1348 735 1414; x_wconf 83' lang='lat' dir='ltr'><strong>meminit</strong></span> <span class='ocrx_word' id='word_1_72' title='bbox 754 1346 803 1414; x_wconf 93' lang='lat' dir='ltr'><strong>his</strong></span> <span class='ocrx_word' id='word_1_73' title='bbox 824 1347 948 1414; x_wconf 84' lang='lat' dir='ltr'><strong>verbis:</strong></span> 
     </span>
    </p>

    <p class='ocr_par' dir='ltr' id='par_1_7' title="bbox 179 1448 1281 1650">
     <span class='ocr_line' id='line_1_12' title="bbox 179 1448 1281 1540; baseline 0.004 -25"><span class='ocrx_word' id='word_1_74' title='bbox 179 1450 320 1540; x_wconf 74' lang='grc' dir='ltr'><strong><em>Προῖτον</em></strong></span> <span class='ocrx_word' id='word_1_75' title='bbox 351 1449 443 1538; x_wconf 79' lang='grc' dir='ltr'><strong><em>παρὰ</em></strong></span> <span class='ocrx_word' id='word_1_76' title='bbox 470 1451 637 1540; x_wconf 79' lang='grc' dir='ltr'><strong><em>κρατῆρας</em></strong></span> <span class='ocrx_word' id='word_1_77' title='bbox 663 1448 825 1531; x_wconf 81' lang='grc' dir='ltr'><strong><em>Ἑλλήνων</em></strong></span> <span class='ocrx_word' id='word_1_78' title='bbox 857 1453 894 1518; x_wconf 79' lang='grc' dir='ltr'><strong><em>ἐν</em></strong></span> <span class='ocrx_word' id='word_1_79' title='bbox 925 1448 1040 1529; x_wconf 87' lang='grc' dir='ltr'><strong><em>αύλοῖς</em></strong></span> <span class='ocrx_word' id='word_1_80' title='bbox 1064 1453 1068 1539; x_wconf 79' lang='grc' dir='ltr'>Ι</span> <span class='ocrx_word' id='word_1_81' title='bbox 1092 1453 1281 1520; x_wconf 77' lang='grc' dir='ltr'><strong><em>συνοπαδοὶ</em></strong></span> 
     </span>
     <span class='ocr_line' id='line_1_13' title="bbox 362 1555 1258 1650; baseline 0.007 -28"><span class='ocrx_word' id='word_1_82' title='bbox 362 1558 515 1634; x_wconf 84' lang='grc' dir='ltr'><strong><em>Πέλοπος</em></strong></span> <span class='ocrx_word' id='word_1_83' title='bbox 536 1560 663 1644; x_wconf 83' lang='grc' dir='ltr'><strong><em>ματρὸς</em></strong></span> <span class='ocrx_word' id='word_1_84' title='bbox 682 1556 790 1646; x_wconf 77' lang='grc' dir='ltr'><strong><em>ὀρείας</em></strong></span> <span class='ocrx_word' id='word_1_85' title='bbox 808 1560 813 1647; x_wconf 89' lang='grc' dir='ltr'>Ι</span> <span class='ocrx_word' id='word_1_86' title='bbox 838 1555 986 1650; x_wconf 66' lang='grc' dir='ltr'><strong><em>Φρύγιον</em></strong></span> <span class='ocrx_word' id='word_1_87' title='bbox 1006 1555 1124 1626; x_wconf 78' lang='grc' dir='ltr'><strong><em>ἄεισαν</em></strong></span> <span class='ocrx_word' id='word_1_88' title='bbox 1143 1557 1258 1647; x_wconf 87' lang='grc' dir='ltr'><strong><em>νόμον.</em></strong></span> 
     </span>
    </p>

    <p class='ocr_par' dir='ltr' id='par_1_8' title="bbox 115 1663 1281 2264">
     <span class='ocr_line' id='line_1_14' title="bbox 116 1663 1280 1758; baseline 0.002 -25"><span class='ocrx_word' id='word_1_89' title='bbox 116 1667 246 1734; x_wconf 81' lang='lat' dir='ltr'><strong>Etenim</strong></span> <span class='ocrx_word' id='word_1_90' title='bbox 267 1687 332 1732; x_wconf 89' lang='lat' dir='ltr'><strong>nna</strong></span> <span class='ocrx_word' id='word_1_91' title='bbox 361 1687 436 1730; x_wconf 90' lang='lat' dir='ltr'><strong>cum</strong></span> <span class='ocrx_word' id='word_1_92' title='bbox 457 1663 569 1732; x_wconf 84' lang='lat' dir='ltr'><strong>Rheae</strong></span> <span class='ocrx_word' id='word_1_93' title='bbox 597 1665 701 1747; x_wconf 92' lang='lat' dir='ltr'><strong>cultu,</strong></span> <span class='ocrx_word' id='word_1_94' title='bbox 734 1669 829 1734; x_wconf 90' lang='lat' dir='ltr'><strong>etiam</strong></span> <span class='ocrx_word' id='word_1_95' title='bbox 850 1665 982 1757; x_wconf 88' lang='lat' dir='ltr'><strong>Pelopis</strong></span> <span class='ocrx_word' id='word_1_96' title='bbox 1004 1666 1280 1758; x_wconf 86' lang='lat' dir='ltr'><strong>Niobidarumquc</strong></span> 
     </span>
     <span class='ocr_line' id='line_1_15' title="bbox 116 1769 1281 1860; baseline 0 -21"><span class='ocrx_word' id='word_1_97' title='bbox 116 1771 243 1839; x_wconf 82' lang='lat' dir='ltr'><strong>fabulae</strong></span> <span class='ocrx_word' id='word_1_98' title='bbox 265 1772 531 1860; x_wconf 81' lang='lat' dir='ltr'><strong>transmigrarunt</strong></span> <span class='ocrx_word' id='word_1_99' title='bbox 553 1771 586 1835; x_wconf 93' lang='lat' dir='ltr'><strong>in</strong></span> <span class='ocrx_word' id='word_1_100' title='bbox 610 1769 803 1854; x_wconf 87' lang='lat' dir='ltr'><strong>Graeciarn;</strong></span> <span class='ocrx_word' id='word_1_101' title='bbox 829 1773 916 1839; x_wconf 91' lang='lat' dir='ltr'><strong>unde</strong></span> <span class='ocrx_word' id='word_1_102' title='bbox 945 1782 978 1839; x_wconf 89' lang='lat' dir='ltr'><strong>ct</strong></span> <span class='ocrx_word' id='word_1_103' title='bbox 1003 1771 1108 1839; x_wconf 83' lang='lat' dir='ltr'><strong>Lasus</strong></span> <span class='ocrx_word' id='word_1_104' title='bbox 1128 1771 1281 1839; x_wconf 89' lang='lat' dir='ltr'><strong>Hermio·</strong></span> 
     </span>
     <span class='ocr_line' id='line_1_16' title="bbox 116 1875 1278 1968; baseline -0.001 -22"><span class='ocrx_word' id='word_1_105' title='bbox 116 1879 225 1946; x_wconf 89' lang='lat' dir='ltr'><strong>nensis</strong></span> <span class='ocrx_word' id='word_1_106' title='bbox 248 1901 297 1968; x_wconf 87' lang='lat' dir='ltr'><strong>ap.</strong></span> <span class='ocrx_word' id='word_1_107' title='bbox 320 1875 443 1943; x_wconf 88' lang='lat' dir='ltr'><strong>Aehan.</strong></span> <span class='ocrx_word' id='word_1_108' title='bbox 465 1875 506 1944; x_wconf 89' lang='lat' dir='ltr'><strong>V.</strong></span> <span class='ocrx_word' id='word_1_109' title='bbox 529 1875 570 1942; x_wconf 91' lang='lat' dir='ltr'><strong>H.</strong></span> <span class='ocrx_word' id='word_1_110' title='bbox 586 1875 655 1958; x_wconf 77' lang='grc' dir='ltr'><strong>ΧΗ,</strong></span> <span class='ocrx_word' id='word_1_111' title='bbox 670 1877 713 1943; x_wconf 85' lang='grc'><strong>36</strong></span> <span class='ocrx_word' id='word_1_112' title='bbox 736 1877 776 1944; x_wconf 91' lang='lat' dir='ltr'><strong>de</strong></span> <span class='ocrx_word' id='word_1_113' title='bbox 797 1899 933 1944; x_wconf 89' lang='lat' dir='ltr'><strong>numero</strong></span> <span class='ocrx_word' id='word_1_114' title='bbox 955 1877 1167 1946; x_wconf 84' lang='lat' dir='ltr'><strong>Niobidarum</strong></span> <span class='ocrx_word' id='word_1_115' title='bbox 1188 1878 1278 1945; x_wconf 82' lang='lat' dir='ltr'><strong>testis</strong></span> 
     </span>
     <span class='ocr_line' id='line_1_17' title="bbox 115 1981 1278 2066; baseline -0.003 -15"><span class='ocrx_word' id='word_1_116' title='bbox 115 1985 291 2066; x_wconf 83' lang='lat' dir='ltr'><strong>inducitur3</strong></span> <span class='ocrx_word' id='word_1_117' title='bbox 324 1992 357 2049; x_wconf 88' lang='lat' dir='ltr'><strong>et</strong></span> <span class='ocrx_word' id='word_1_118' title='bbox 386 1981 493 2049; x_wconf 77' lang='lat' dir='ltr'><strong>Charo</strong></span> <span class='ocrx_word' id='word_1_119' title='bbox 524 2007 567 2049; x_wconf 87' lang='lat' dir='ltr'><strong>ex</strong></span> <span class='ocrx_word' id='word_1_120' title='bbox 595 1983 701 2051; x_wconf 91' lang='lat' dir='ltr'><strong>Niobe</strong></span> <span class='ocrx_word' id='word_1_121' title='bbox 731 1982 892 2050; x_wconf 90' lang='lat' dir='ltr'><strong>Timothei</strong></span> <span class='ocrx_word' id='word_1_122' title='bbox 914 2006 979 2049; x_wconf 91' lang='lat' dir='ltr'><strong>nou</strong></span> <span class='ocrx_word' id='word_1_123' title='bbox 1011 1981 1132 2048; x_wconf 85' lang='lat' dir='ltr'><strong>insulse</strong></span> <span class='ocrx_word' id='word_1_124' title='bbox 1161 2004 1181 2048; x_wconf 91' lang='lat' dir='ltr'><strong>a</strong></span> <span class='ocrx_word' id='word_1_125' title='bbox 1208 1981 1278 2048; x_wconf 90' lang='lat' dir='ltr'><strong>Ma-</strong></span> 
     </span>
     <span class='ocr_line' id='line_1_18' title="bbox 115 2083 1278 2177; baseline -0.002 -19"><span class='ocrx_word' id='word_1_126' title='bbox 115 2090 221 2159; x_wconf 93' lang='lat' dir='ltr'><strong>chone</strong></span> <span class='ocrx_word' id='word_1_127' title='bbox 241 2088 357 2157; x_wconf 91' lang='lat' dir='ltr'><strong>Athen.</strong></span> <span class='ocrx_word' id='word_1_128' title='bbox 368 2086 448 2169; x_wconf 89' lang='lat' dir='ltr'><strong>VIII,</strong></span> <span class='ocrx_word' id='word_1_129' title='bbox 465 2110 495 2177; x_wconf 95' lang='lat' dir='ltr'><strong>p.</strong></span> <span class='ocrx_word' id='word_1_130' title='bbox 507 2087 568 2154; x_wconf 83' lang='lat'><strong>341</strong></span> <span class='ocrx_word' id='word_1_131' title='bbox 592 2089 749 2156; x_wconf 92' lang='lat' dir='ltr'><strong>irridetur.</strong></span> <span class='ocrx_word' id='word_1_132' title='bbox 794 2089 860 2156; x_wconf 82' lang='lat' dir='ltr'><strong>Cir.</strong></span> <span class='ocrx_word' id='word_1_133' title='bbox 882 2086 1035 2176; x_wconf 89' lang='lat' dir='ltr'><strong>Bacchyl.</strong></span> <span class='ocrx_word' id='word_1_134' title='bbox 1058 2088 1094 2155; x_wconf 86' lang='lat' dir='ltr'><strong>fr.</strong></span> <span class='ocrx_word' id='word_1_135' title='bbox 1116 2089 1178 2157; x_wconf 89' lang='lat' dir='ltr'><strong>inc.</strong></span> <span class='ocrx_word' id='word_1_136' title='bbox 1195 2083 1278 2167; x_wconf 78' lang='lat' dir='ltr'><strong>LIV,</strong></span> 
     </span>
     <span class='ocr_line' id='line_1_19' title="bbox 116 2197 292 2264; baseline -0.017 0"><span class='ocrx_word' id='word_1_137' title='bbox 116 2197 167 2264; x_wconf 91' lang='lat' dir='ltr'><strong>ed.</strong></span> <span class='ocrx_word' id='word_1_138' title='bbox 189 2197 292 2264; x_wconf 88' lang='lat' dir='ltr'><strong>Neue.</strong></span> 
     </span>
    </p>

    <p class='ocr_par' dir='ltr' id='par_1_9' title="bbox 113 2298 1278 2921">
     <span class='ocr_line' id='line_1_20' title="bbox 201 2298 1278 2391; baseline -0.001 -24"><span class='ocrx_word' id='word_1_139' title='bbox 201 2300 382 2390; x_wconf 88' lang='lat' dir='ltr'><strong>Supersunt</strong></span> <span class='ocrx_word' id='word_1_140' title='bbox 404 2299 544 2391; x_wconf 86' lang='lat' dir='ltr'><strong>denique</strong></span> <span class='ocrx_word' id='word_1_141' title='bbox 565 2298 710 2368; x_wconf 91' lang='lat' dir='ltr'><strong>nonnulli</strong></span> <span class='ocrx_word' id='word_1_142' title='bbox 732 2298 1006 2390; x_wconf 88' lang='lat' dir='ltr'><strong>dithyramborum</strong></span> <span class='ocrx_word' id='word_1_143' title='bbox 1027 2299 1119 2383; x_wconf 83' lang='lat' dir='ltr'><strong>titrdi,</strong></span> <span class='ocrx_word' id='word_1_144' title='bbox 1139 2321 1278 2391; x_wconf 91' lang='lat' dir='ltr'><strong>quorum</strong></span> 
     </span>
     <span class='ocr_line' id='line_1_21' title="bbox 114 2404 1278 2498; baseline -0.001 -26"><span class='ocrx_word' id='word_1_145' title='bbox 114 2428 192 2473; x_wconf 87' lang='lat' dir='ltr'><strong>cum</strong></span> <span class='ocrx_word' id='word_1_146' title='bbox 213 2404 330 2495; x_wconf 86' lang='lat' dir='ltr'><strong>mythis</strong></span> <span class='ocrx_word' id='word_1_147' title='bbox 355 2405 523 2474; x_wconf 86' lang='lat' dir='ltr'><strong>Bacchicis</strong></span> <span class='ocrx_word' id='word_1_148' title='bbox 553 2407 704 2496; x_wconf 83' lang='lat' dir='ltr'><strong>cognatio</strong></span> <span class='ocrx_word' id='word_1_149' title='bbox 733 2429 799 2474; x_wconf 92' lang='lat' dir='ltr'><strong>non</strong></span> <span class='ocrx_word' id='word_1_150' title='bbox 832 2430 935 2498; x_wconf 88' lang='lat' dir='ltr'><strong>aeque</strong></span> <span class='ocrx_word' id='word_1_151' title='bbox 963 2407 1046 2474; x_wconf 90' lang='lat' dir='ltr'><strong>bene</strong></span> <span class='ocrx_word' id='word_1_152' title='bbox 1073 2406 1278 2497; x_wconf 86' lang='lat' dir='ltr'><strong>perspicitur:</strong></span> 
     </span>
     <span class='ocr_line' id='line_1_22' title="bbox 117 2511 1277 2604; baseline -0.002 -24"><span class='ocrx_word' id='word_1_153' title='bbox 117 2511 267 2580; x_wconf 84' lang='lat' dir='ltr'><strong>Telestae</strong></span> <span class='ocrx_word' id='word_1_154' title='bbox 296 2511 465 2580; x_wconf 89' lang='lat' dir='ltr'><strong>Selinuntii</strong></span> <span class='ocrx_word' id='word_1_155' title='bbox 493 2513 579 2602; x_wconf 91' lang='lat' dir='ltr'><strong>Argo</strong></span> <span class='ocrx_word' id='word_1_156' title='bbox 611 2522 644 2580; x_wconf 92' lang='lat' dir='ltr'><strong>et</strong></span> <span class='ocrx_word' id='word_1_157' title='bbox 672 2513 899 2604; x_wconf 86' lang='lat' dir='ltr'><strong>Aesculapius,</strong></span> <span class='ocrx_word' id='word_1_158' title='bbox 933 2513 1107 2581; x_wconf 80' lang='lat' dir='ltr'><strong>Simonidis</strong></span> <span class='ocrx_word' id='word_1_159' title='bbox 1135 2511 1277 2581; x_wconf 88' lang='lat' dir='ltr'><strong>Memno.</strong></span> 
     </span>
     <span class='ocr_line' id='line_1_23' title="bbox 113 2615 1276 2711; baseline 0.002 -26"><span class='ocrx_word' id='word_1_160' title='bbox 113 2617 168 2685; x_wconf 83' lang='lat' dir='ltr'><strong>Ex</strong></span> <span class='ocrx_word' id='word_1_161' title='bbox 196 2620 284 2708; x_wconf 89' lang='lat' dir='ltr'><strong>Argo</strong></span> <span class='ocrx_word' id='word_1_162' title='bbox 312 2615 462 2686; x_wconf 86' lang='lat' dir='ltr'><strong>Telestae</strong></span> <span class='ocrx_word' id='word_1_163' title='bbox 488 2618 674 2686; x_wconf 88' lang='lat' dir='ltr'><strong>Athenaeus</strong></span> <span class='ocrx_word' id='word_1_164' title='bbox 704 2619 784 2689; x_wconf 89' lang='lat' dir='ltr'><strong>XlV</strong></span> <span class='ocrx_word' id='word_1_165' title='bbox 805 2644 837 2711; x_wconf 92' lang='lat' dir='ltr'><strong>p.</strong></span> <span class='ocrx_word' id='word_1_166' title='bbox 858 2622 923 2686; x_wconf 82' lang='lat' dir='ltr'><strong>olo</strong></span> <span class='ocrx_word' id='word_1_167' title='bbox 944 2618 980 2685; x_wconf 91' lang='lat' dir='ltr'><strong>F.</strong></span> <span class='ocrx_word' id='word_1_168' title='bbox 1014 2618 1128 2687; x_wconf 87' lang='lat' dir='ltr'><strong>decern</strong></span> <span class='ocrx_word' id='word_1_169' title='bbox 1161 2641 1276 2687; x_wconf 84' lang='lat' dir='ltr'><strong>versus</strong></span> 
     </span>
     <span class='ocr_line' id='line_1_24' title="bbox 113 2724 1276 2818; baseline 0.001 -27"><span class='ocrx_word' id='word_1_170' title='bbox 113 2726 273 2804; x_wconf 89' lang='lat' dir='ltr'><strong>servavit,</strong></span> <span class='ocrx_word' id='word_1_171' title='bbox 299 2726 332 2791; x_wconf 91' lang='lat' dir='ltr'><strong>in</strong></span> <span class='ocrx_word' id='word_1_172' title='bbox 360 2724 474 2815; x_wconf 90' lang='lat' dir='ltr'><strong>quibus</strong></span> <span class='ocrx_word' id='word_1_173' title='bbox 496 2725 538 2791; x_wconf 88' lang='lat' dir='ltr'><strong>de</strong></span> <span class='ocrx_word' id='word_1_174' title='bbox 559 2725 724 2792; x_wconf 89' lang='lat' dir='ltr'><strong>tibicinum</strong></span> <span class='ocrx_word' id='word_1_175' title='bbox 753 2735 821 2818; x_wconf 74' lang='lat' dir='ltr'><strong>arte</strong></span> <span class='ocrx_word' id='word_1_176' title='bbox 843 2724 1050 2815; x_wconf 89' lang='lat' dir='ltr'><strong>Melanippidi</strong></span> <span class='ocrx_word' id='word_1_177' title='bbox 1077 2725 1276 2792; x_wconf 87' lang='lat' dir='ltr'><strong>adversarias</strong></span> 
     </span>
     <span class='ocr_line' id='line_1_25' title="bbox 115 2832 630 2921; baseline 0 -25"><span class='ocrx_word' id='word_1_178' title='bbox 115 2840 224 2920; x_wconf 90' lang='lat' dir='ltr'><strong>partes</strong></span> <span class='ocrx_word' id='word_1_179' title='bbox 245 2832 422 2921; x_wconf 87' lang='lat' dir='ltr'><strong>suscipiens</strong></span> <span class='ocrx_word' id='word_1_180' title='bbox 444 2833 491 2898; x_wconf 92' lang='lat' dir='ltr'><strong>sic</strong></span> <span class='ocrx_word' id='word_1_181' title='bbox 512 2832 630 2921; x_wconf 86' lang='lat' dir='ltr'><strong>pergit:</strong></span> 
     </span>
    </p>

    <p class='ocr_par' dir='ltr' id='par_1_10' title="bbox 259 2927 1126 3228">
     <span class='ocr_line' id='line_1_26' title="bbox 259 2927 1126 3025; baseline -0.006 -24"><span class='ocrx_word' id='word_1_182' title='bbox 259 2927 319 3001; x_wconf 80' lang='lat' dir='ltr'><em>‘&#39;Ov</em></span> <span class='ocrx_word' id='word_1_183' title='bbox 341 2935 448 3025; x_wconf 83' lang='grc' dir='ltr'><strong><em>σοφὸν</em></strong></span> <span class='ocrx_word' id='word_1_184' title='bbox 467 2935 577 3022; x_wconf 85' lang='grc' dir='ltr'><strong><em>σοφὰν</em></strong></span> <span class='ocrx_word' id='word_1_185' title='bbox 594 2933 767 3022; x_wconf 77' lang='grc' dir='ltr'><strong><em>λαβοῦσαν</em></strong></span> <span class='ocrx_word' id='word_1_186' title='bbox 784 2931 843 3000; x_wconf 80' lang='grc' dir='ltr'><strong>οὐκ</strong></span> <span class='ocrx_word' id='word_1_187' title='bbox 857 2933 1041 3019; x_wconf 75' lang='grc' dir='ltr'><strong><em>ἐπέλπομαι</em></strong></span> <span class='ocrx_word' id='word_1_188' title='bbox 1060 2928 1126 3020; x_wconf 79' lang='grc' dir='ltr'><strong><em>νόῳ</em></strong></span> 
     </span>
     <span class='ocr_line' id='line_1_27' title="bbox 339 3038 779 3132; baseline 0.011 -29"><span class='ocrx_word' id='word_1_189' title='bbox 339 3041 475 3132; x_wconf 80' lang='grc' dir='ltr'><strong><em>δρυμοῖς</em></strong></span> <span class='ocrx_word' id='word_1_190' title='bbox 496 3039 615 3129; x_wconf 77' lang='grc' dir='ltr'><strong><em>ὀρείοις</em></strong></span> <span class='ocrx_word' id='word_1_191' title='bbox 635 3038 779 3130; x_wconf 73' lang='grc' dir='ltr'><strong><em>ὄργανον</em></strong></span> 
     </span>
     <span class='ocr_line' id='line_1_28' title="bbox 404 3145 676 3228; baseline 0.007 -16"><span class='ocrx_word' id='word_1_192' title='bbox 404 3149 481 3214; x_wconf 84' lang='grc' dir='ltr'><strong><em>δῖαν</em></strong></span> <span class='ocrx_word' id='word_1_193' title='bbox 500 3145 676 3228; x_wconf 78' lang='grc' dir='ltr'><strong><em>Ἀθάναν,</em></strong></span> 
     </span>
    </p>
   </div>
   <div class='ocr_carea' id='block_1_3' title="bbox 113 3243 1279 3880">
    <p class='ocr_par' dir='ltr' id='par_1_11' title="bbox 113 3243 1279 3880">
     <span class='ocr_line' id='line_1_29' title="bbox 266 3243 937 3343; baseline -0.001 -25"><span class='ocrx_word' id='word_1_194' title='bbox 266 3249 517 3341; x_wconf 74' lang='grc' dir='ltr'><strong><em>δυσόφθαλμον</em></strong></span> <span class='ocrx_word' id='word_1_195' title='bbox 538 3243 653 3340; x_wconf 83' lang='grc' dir='ltr'><strong><em>αἶσχος</em></strong></span> <span class='ocrx_word' id='word_1_196' title='bbox 671 3256 937 3343; x_wconf 77' lang='grc' dir='ltr'><strong><em>ἐκφοβηθεῖσαν,</em></strong></span> 
     </span>
     <span class='ocr_line' id='line_1_30' title="bbox 339 3348 772 3449; baseline 0.002 -24"><span class='ocrx_word' id='word_1_197' title='bbox 339 3348 445 3439; x_wconf 87' lang='grc' dir='ltr'><strong><em>αύθις</em></strong></span> <span class='ocrx_word' id='word_1_198' title='bbox 466 3363 500 3427; x_wconf 79' lang='grc' dir='ltr'><strong>ἐκ</strong></span> <span class='ocrx_word' id='word_1_199' title='bbox 526 3364 629 3449; x_wconf 79' lang='grc' dir='ltr'><strong><em>χεροῖν</em></strong></span> <span class='ocrx_word' id='word_1_200' title='bbox 657 3364 772 3446; x_wconf 75' lang='grc' dir='ltr'><strong><em>βαλεῖν</em></strong></span> 
     </span>
     <span class='ocr_line' id='line_1_31' title="bbox 267 3462 683 3558; baseline 0.007 -27"><span class='ocrx_word' id='word_1_201' title='bbox 267 3472 476 3556; x_wconf 72' lang='grc' dir='ltr'><strong><em>νυμφαγενεῖ</em></strong></span> <span class='ocrx_word' id='word_1_202' title='bbox 490 3462 683 3558; x_wconf 82' lang='grc' dir='ltr'><strong><em>χοροκτύπφ</em></strong></span> 
     </span>
     <span class='ocr_line' id='line_1_32' title="bbox 340 3575 817 3664; baseline 0.015 -30"><span class='ocrx_word' id='word_1_203' title='bbox 340 3577 423 3661; x_wconf 82' lang='grc' dir='ltr'><strong><em>φηρὶ</em></strong></span> <span class='ocrx_word' id='word_1_204' title='bbox 448 3575 602 3664; x_wconf 72' lang='grc' dir='ltr'><strong><em>Μαρσύᾳ</em></strong></span> <span class='ocrx_word' id='word_1_205' title='bbox 624 3575 724 3652; x_wconf 81' lang='grc' dir='ltr'><strong><em>κλέος.</em></strong></span> <span class='ocrx_word' id='word_1_206' title='bbox 746 3575 817 3641; x_wconf 89' lang='grc' dir='ltr'><strong><em>κτλ.</em></strong></span> 
     </span>
     <span class='ocr_line' id='line_1_33' title="bbox 200 3679 1278 3774; baseline -0.002 -29"><span class='ocrx_word' id='word_1_207' title='bbox 200 3679 369 3771; x_wconf 86' lang='lat' dir='ltr'><strong>Exscripsi</strong></span> <span class='ocrx_word' id='word_1_208' title='bbox 386 3680 447 3748; x_wconf 88' lang='lat' dir='ltr'><strong>hos</strong></span> <span class='ocrx_word' id='word_1_209' title='bbox 469 3705 593 3762; x_wconf 89' lang='lat' dir='ltr'><strong>versus,</strong></span> <span class='ocrx_word' id='word_1_210' title='bbox 619 3692 774 3773; x_wconf 89' lang='lat' dir='ltr'><strong>utquam</strong></span> <span class='ocrx_word' id='word_1_211' title='bbox 794 3679 872 3748; x_wconf 89' lang='lat' dir='ltr'><strong>nihil</strong></span> <span class='ocrx_word' id='word_1_212' title='bbox 894 3680 935 3748; x_wconf 92' lang='lat' dir='ltr'><strong>ad</strong></span> <span class='ocrx_word' id='word_1_213' title='bbox 957 3682 1042 3774; x_wconf 89' lang='lat' dir='ltr'><strong>Argo</strong></span> <span class='ocrx_word' id='word_1_214' title='bbox 1066 3703 1184 3748; x_wconf 89' lang='lat' dir='ltr'><strong>navem</strong></span> <span class='ocrx_word' id='word_1_215' title='bbox 1206 3699 1278 3766; x_wconf 91' lang='lat' dir='ltr'><strong>per-</strong></span> 
     </span>
     <span class='ocr_line' id='line_1_34' title="bbox 113 3787 1279 3880; baseline -0.003 -29"><span class='ocrx_word' id='word_1_216' title='bbox 113 3788 247 3866; x_wconf 82' lang='lat' dir='ltr'><strong>tineant,</strong></span> <span class='ocrx_word' id='word_1_217' title='bbox 262 3789 366 3874; x_wconf 90' lang='lat' dir='ltr'><strong>possit</strong></span> <span class='ocrx_word' id='word_1_218' title='bbox 378 3787 520 3878; x_wconf 81' lang='lat' dir='ltr'><strong>intellegi</strong></span> <span class='ocrx_word' id='word_1_219' title='bbox 530 3792 610 3872; x_wconf 79' lang='lat'>¹⁰⁶).</span> <span class='ocrx_word' id='word_1_220' title='bbox 654 3788 757 3855; x_wconf 89' lang='lat' dir='ltr'><strong>Porro</strong></span> <span class='ocrx_word' id='word_1_221' title='bbox 771 3789 983 3880; x_wconf 85' lang='lat' dir='ltr'><strong>Aesculapius</strong></span> <span class='ocrx_word' id='word_1_222' title='bbox 999 3787 1151 3855; x_wconf 82' lang='lat' dir='ltr'><strong>Telestae</strong></span> <span class='ocrx_word' id='word_1_223' title='bbox 1166 3804 1279 3850; x_wconf 88' lang='lat' dir='ltr'><strong>occur-</strong></span> 
     </span>
    </p>
   </div>
   <div class='ocr_carea' id='block_1_4' title="bbox 154 4037 1281 4285">
    <p class='ocr_par' dir='ltr' id='par_1_12' title="bbox 154 4037 1281 4285">
     <span class='ocr_line' id='line_1_35' title="bbox 154 4037 1280 4122; baseline -0.001 -26"><span class='ocrx_word' id='word_1_224' title='bbox 154 4043 204 4109; x_wconf 68' lang='grc'><strong>106)</strong></span> <span class='ocrx_word' id='word_1_225' title='bbox 222 4042 253 4096; x_wconf 87' lang='lat' dir='ltr'><strong>Si</strong></span> <span class='ocrx_word' id='word_1_226' title='bbox 270 4059 326 4113; x_wconf 82' lang='lat' dir='ltr'><strong>qua</strong></span> <span class='ocrx_word' id='word_1_227' title='bbox 343 4045 542 4113; x_wconf 83' lang='lat' dir='ltr'><strong>probabilitate,</strong></span> <span class='ocrx_word' id='word_1_228' title='bbox 558 4046 630 4099; x_wconf 88' lang='lat' dir='ltr'><strong>hunc</strong></span> <span class='ocrx_word' id='word_1_229' title='bbox 648 4043 843 4111; x_wconf 78' lang='lat' dir='ltr'><strong>dithyrambum</strong></span> <span class='ocrx_word' id='word_1_230' title='bbox 856 4041 982 4122; x_wconf 77' lang='lat' dir='ltr'><strong>Phliasiis</strong></span> <span class='ocrx_word' id='word_1_231' title='bbox 1000 4037 1177 4108; x_wconf 74' lang='lat' dir='ltr'><strong>compositum</strong></span> <span class='ocrx_word' id='word_1_232' title='bbox 1194 4040 1280 4096; x_wconf 85' lang='lat' dir='ltr'><strong>luisse</strong></span> 
     </span>
     <span class='ocr_line' id='line_1_36' title="bbox 188 4129 1281 4200; baseline 0.001 -19"><span class='ocrx_word' id='word_1_233' title='bbox 188 4134 309 4184; x_wconf 84' lang='lat' dir='ltr'><strong>statuere</strong></span> <span class='ocrx_word' id='word_1_234' title='bbox 327 4131 476 4199; x_wconf 83' lang='lat' dir='ltr'><strong>possimus,</strong></span> <span class='ocrx_word' id='word_1_235' title='bbox 499 4132 614 4188; x_wconf 72' lang='lat' dir='ltr'><strong>fortasse</strong></span> <span class='ocrx_word' id='word_1_236' title='bbox 638 4129 742 4200; x_wconf 83' lang='lat' dir='ltr'><strong>aliquid</strong></span> <span class='ocrx_word' id='word_1_237' title='bbox 762 4130 833 4184; x_wconf 82' lang='lat' dir='ltr'><strong>lucis</strong></span> <span class='ocrx_word' id='word_1_238' title='bbox 854 4129 932 4183; x_wconf 76' lang='lat' dir='ltr'><strong>nobis</strong></span> <span class='ocrx_word' id='word_1_239' title='bbox 945 4143 990 4181; x_wconf 71' lang='lat' dir='ltr'><strong>ex</strong></span> <span class='ocrx_word' id='word_1_240' title='bbox 1012 4129 1129 4184; x_wconf 72' lang='lat' dir='ltr'><strong>erman.</strong></span> <span class='ocrx_word' id='word_1_241' title='bbox 1147 4129 1183 4193; x_wconf 84' lang='grc' dir='ltr'><strong>ΙΙ,</strong></span> <span class='ocrx_word' id='word_1_242' title='bbox 1201 4131 1245 4183; x_wconf 87' lang='lat'><strong>12.</strong></span> <span class='ocrx_word' id='word_1_243' title='bbox 1262 4130 1281 4182; x_wconf 82' lang='grc'><strong>6</strong></span> 
     </span>
     <span class='ocr_line' id='line_1_37' title="bbox 188 4209 1281 4285; baseline -0.002 -15"><span class='ocrx_word' id='word_1_244' title='bbox 188 4219 366 4272; x_wconf 82' lang='lat' dir='ltr'><strong>claresceret:</strong></span> <span class='ocrx_word' id='word_1_245' title='bbox 390 4213 531 4276; x_wconf 88' lang='grc' dir='ltr'><strong><em>Διονύσου</em></strong></span> <span class='ocrx_word' id='word_1_246' title='bbox 554 4217 587 4273; x_wconf 80' lang='grc' dir='ltr'><strong>δὲ</strong></span> <span class='ocrx_word' id='word_1_247' title='bbox 609 4215 676 4273; x_wconf 79' lang='lat' dir='ltr'><strong>olda</strong></span> <span class='ocrx_word' id='word_1_248' title='bbox 700 4209 871 4284; x_wconf 79' lang='grc' dir='ltr'><strong><em>καλούμενον</em></strong></span> <span class='ocrx_word' id='word_1_249' title='bbox 888 4215 1040 4285; x_wconf 79' lang='grc' dir='ltr'><strong><em>(Φλίαντα)</em></strong></span> <span class='ocrx_word' id='word_1_250' title='bbox 1057 4216 1105 4271; x_wconf 80' lang='grc' dir='ltr'><strong><em>καὶ</em></strong></span> <span class='ocrx_word' id='word_1_251' title='bbox 1126 4216 1181 4273; x_wconf 77' lang='grc' dir='ltr'><strong><em>τῶν</em></strong></span> <span class='ocrx_word' id='word_1_252' title='bbox 1198 4216 1281 4270; x_wconf 78' lang='grc' dir='ltr'><strong><em>πλευ·</em></strong></span> 
     </span>
    </p>
   </div>
   <div class='ocr_carea' id='block_1_5' title="bbox 0 0 1404 4666">
    <p class='ocr_par' dir='ltr' id='par_1_13' title="bbox 0 0 1404 4666">
     <span class='ocr_line' id='line_1_38' title="bbox 0 0 1404 4666; baseline 0 3"><span class='ocrx_word' id='word_1_253' title='bbox 0 0 1404 4666; x_wconf 95' lang='lat' dir='ltr'><strong> </strong></span> 
     </span>
    </p>
   </div>
  </div>
 </body>
</html>
