2798 4672
1222 242 1272 314 99

110 421 268 513 prioribus
298 418 443 511 paullum
464 419 601 484 fortasse
624 415 760 484 feliciori
774 412 859 485 ¹mihi
882 438 955 487 esse
978 424 1121 513 contigit.
1166 425 1274 519 Atque
1336 412 1340 419 ⁸

111 530 257 596 ordinem
280 528 378 594 ducat
399 524 576 592 carminum
599 522 762 591 Timothei
777 522 882 616 ¹longe
902 520 1151 612 nobilissimum,
1178 529 1273 621 hy'm-

110 657 171 702 nus
190 636 226 701 in
247 633 387 701 Dianam
409 628 584 722 Ephesiam
605 630 817 719 compositus,
839 634 933 724 cujus
953 634 1015 700 nisi
1035 639 1164 727 egregie
1180 637 1275 706 fallor

108 743 233 808 initium
266 740 407 806 servarit
439 736 533 804 nobis
565 735 750 804 Athenaeus
778 733 869 818 xlv,
890 746 925 828 p.
944 739 1016 806 636.
1072 742 1274 822 Αἠλοῦοθαὶ

108 845 153 914 θ’
182 847 219 912 ἐν
247 845 301 936 cpi·
322 834 602 932 τῆς-Ἀρτέμιδος
630 838 774 932 ᾇσμολιν,
804 829 846 907 ori
870 842 964 908 ἐστιν
989 839 1089 933 ἀρχή·
1124 845 1273 938 ”Λρτκμί

109 952 166 1022 οοὶ
171 950 225 1045 μ’
249 951 298 1018 ἔτι
320 950 410 1040 φρὴν
429 949 589 1039 ἐφίμερον
610 942 717 1034 ἱλμνον
736 944 832 1013 team
851 970 896 1032 τε,
917 944 1005 1016 ὅθεν
1025 945 1101 1018 ὅδὲ
1122 954 1273 1034 trecitini

105 1059 319 1151 χρυσοφανλα
340 1059 511 1148 κρέμβαλα
528 1052 751 1144 χαλκοπάραα
770 1054 893 1142 χερσὶν.
938 1058 1048 1127 Verba
1066 1071 1142 1128 sunt
1154 1065 1272 1133 misere

108 1177 268 1263 corrupta,
297 1188 336 1234 ac
358 1173 446 1233 certe
467 1164 637 1232 Jacobsius
660 1184 699 1229 ea
721 1163 754 1228 in·
777 1164 921 1230 exercitt
945 1166 1026 1232 critt
1046 1188 1114 1235 non
1135 1173 1271 1309 sanavit,

108 1275 156 1342 sic
177 1261 349 1339 tentanda:
462 1276 476 1299 '¹

186 1373 395 1465 ”,’Λρτιμις
379 1376 526 1465 ορμοῖται
547 1375 636 1462 φρὴν
657 1373 713 1462 ἐφ
737 1368 853 1465 ἵμερον
871 1366 980 1458 ὕμνον
1003 1378 1088 1445 ἱέναι
1116 1382 1230 1450 uel-,²

108 1485 244 1577 Reliqua
265 1508 308 1553 ne
331 1504 512 1577 aggressus.
526 1483 659 1574 quidem
680 1491 738 1548 est.
781 1480 899 1573 Neque
928 1483 1053 1552 felicior
1081 1487 1158 1554 mihi
1180 1476 1270 1583 equi-

109 1593 191 1660 dem
202 1593 330 1660 videtur
350 1589 513 1659 Fiorillo
503 1611 536 1655 m
559 1589 707 1656 observv.
730 1589 812 1655 cn'tt
835 1608 866 1678 p.
887 1589 941 1655 48.
960 1589 1005 1655 49
1025 1590 1131 1660 licet
1121 1604 1194 1687 rpse
1217 1616 1271 1665 eo-

106 1698 162 1766 lita
189 1722 248 1766 sua
278 1697 485 1778 confidentia,
515 1695 591 1785 quin
620 1716 690 1761 rem
724 1715 786 1760 acu
812 1694 967 1785 tetigerit,
999 1697 1107 1767 nullus
1139 1701 1270 1829 dubitet

107 1802 202 1897 Legit
220 1828 314 1872 vero:
464 1830 466 1837 ¹
1275 1818 1280 1835 '

160 1904 332 1997 ὙΛρτεμὶ
354 1906 409 1976 σοί
431 1902 469 1992 μ’
494 1903 543 1971 ἔτι
567 1901 658 1992 ιρρην
679 1900 735 1969 λιι
758 1899 959 1993 imluepov‘
935 1928 1041 1991 ιμνον
1056 1907 1236 1976 iwaniec*

232 2002 376 2079 ’Athe
399 2034 433 2077 τι
451 2011 649 2098 χρυσοφανῆ
670 2009 842 2095 κρέμβαλα
860 2011 1059 2095 χαλκοπαμῆ
1180 2018 1205 2029 ”
1231 2022 1267 2053 ·“··

198 2117 355 2207 Χιροὶν
370 2167 639 2182 ......
1261 2126 1264 2133 ·

109 2226 145 2292 ln
161 2224 316 2292 Athenaei
337 2223 423 2290 libn's
447 2219 524 2290 nihil
547 2229 605 2302 est,
627 2219 714 2311 quod
737 2244 848 2288 veram
870 2228 988 2312 poetae
1010 2230 1201 2299 sententiam
1218 2232 1272 2302 vel

108 2332 223 2399 leviter
242 2330 369 2398 indicet
414 2327 526 2396 Liceat
550 2327 652 2415 igitur
678 2329 774 2394 etiam
800 2327 900 2449 naiht
905 2330 1012 2425 ιιιοιιιιι
1044 2333 1164 2406 audere
1193 2362 1282 2457 ⁰⁰¹?-

105 2443 280 2532 jecturam:
1215 2464 1218 2470 ·
1277 2442 1281 2451 '

123 2541 295 2669 Ᾱθῑξλῑῖι
302 2539 402 2628 σθὶμ
406 2538 491 2606 ἕλθ
512 2540 602 2626 ‘llll
623 2535 680 2626 tp
702 2534 820 2623 'l‘ftm
839 2530 946 2624 ν’μνον
966 2536 1094 2633 ὑφῆναι
1116 2549 1250 2617 θεόθεν

165 2670 168 2675 ·
214 2643 286 2735 ἅμα
308 2651 344 2713 δέ
365 2672 415 2725 τις
435 2644 521 2712 λάλα
541 2644 775 2734 χρυσοφαεννά
970 2676 974 2683 ·

131 2758 301 2900 κρέμβαλα
320 2752 541 2842 χαλκοπάραα
562 2755 674 2840 χερσίν
718 2804 724 2816 .
771 2760 779 2815 .“
824 2751 838 2814 .’
876 2803 882 2815 .
995 2738 998 2745 ’

110 3165 145 3250 λιι
181 3182 295 3272 quibus
328 3181 378 3246 tta
409 3180 583 3271 legendum
618 3201 736 3247 censeo
766 3200 825 3267 pro
863 3175 927 3242 ἔτι·
966 3179 1027 3244 nisi
1060 3179 1119 3247 sub
1150 3179 1205 3247 σοι’
1230 3179 1268 3270 μ’

110 3286 160 3353 ἔτι
192 3287 271 3354 latet
309 3285 351 3378 σῇ
381 3285 415 3347 δ’
449 3279 556 3365 ἰότητι
585 3295 621 3350 ιιι
646 3284 679 3350 in
710 3285 867 3375 Antipatri
893 3286 1036 3352 carmine
1065 3296 1115 3354 est
1142 3282 1280 3359 Anthcls

109 3393 181 3462 Pol.
202 3393 258 3477 Vl,
272 3396 337 3460 276
350 3417 397 3460 vs.
411 3395 440 3458 6.
485 3391 613 3457 Deinde
634 3381 742 3475 ὕμνον
763 3384 819 3476 ἐφ’
842 3382 959 3478 ἰ’μερον
979 3414 1044 3459 non
1068 3393 1175 3462 dubito
1195 3396 1276 3489 quin

110 3511 199 3569 recte
231 3501 426 3568 restituerim
460 3520 518 3589 pro
551 3495 720 3584 ἐφίμερον.
776 3497 832 3564 Sic
865 3499 950 3566 enim
978 3499 1114 3568 Alcman
1142 3514 1272 3593 quoque

112 3608 200 3697 apud
221 3593 396 3697 Hephaest.
419 3603 548 3672 Enchir.
564 3626 594 3695 p.
607 3605 651 3671 40
672 3601 802 3694 (Bergk.
818 3602 915 3671 PLG.
931 3605 966 3671 ir.
979 3607 1042 3692 29).
1072 3607 1127 3672 tut
1148 3603 1182 3669 δ’
1200 3600 1284 3690 iles-⁵·

111 3737 172 3802 ρον
187 3705 293 3798 ν’μνον
309 3716 366 3777 καὶ
378 3711 538 3799 χαρίεντα
557 3710 651 3776 τίθει
663 3706 772 3798 χορόν.
796 3705 923 3798 ὑφῆναι
939 3709 1074 3780 00de
1058 3734 1161 3788 νιναι,
1177 3712 1273 3776 ἱεναι.

111 3860 154 3868 -
170 3821 234 3887 Ριο
259 3817 394 3885 θεόθεν
415 3819 485 3887 libri
506 3817 721 3941 praebentes,
744 3811 848 3899 ὅθινς
873 3818 959 3908 quod
975 3819 1110 3884 verbum
1121 3816 1281 3913 Aeschyli

112 3942 248 3995 versum
257 3925 354 3995 mihi'
345 3946 378 3995 ιιι
389 3927 578 3994 memoriam
590 3935 731 4006 revocat,
746 3924 856 4013 Algam.
869 3947 900 3988 v
911 3925 953 3988 97
965 3945 1062 4012 quem
1073 3923 1120 3990 sic
1133 3924 1283 4065 corrig'pt·

338 4048 342 4055 “
438 4034 512 4118 ἐμοὶ
541 4030 605 4118 γὰρ
625 4031 761 4097 θεόθεν
782 4031 978 4094 καταπνεῖ

407 4139 564 4202 Πειθώ
583 4139 718 4223 μολνιᾶν
956 4142 959 4151 ’
981 4138 985 4145 '

442 4242 588 4330 αλκᾴξὺ
572 4267 717 4330 νμιμυιος
746 4235 839 4306 αιίόν.

1033 4349 1077 4408 7*
