2798 4672
1148 272 1223 345 18⁷

63 464 170 531 herois
198 465 297 555 ipsius
325 463 384 530 sed
406 463 475 545 dei3
509 461 677 528 saltatione
698 480 776 526 vero
798 481 860 528 nee
878 463 950 553 ipae
972 484 1083 531 carere
1103 460 1222 559 posset.

10 556 19 569 l
65 571 167 656 Quasi
191 571 225 636 in
254 569 360 635 medio
388 579 496 636 autem
521 572 605 636 inter
637 565 872 656 dithyrambum
902 577 935 634 et
965 568 1100 658 lyricam
1128 569 1224 634 istam

63 677 262 766 tragoediam
282 675 387 765 posita
409 686 485 742 sunt
497 673 687 744 Siculorum
702 676 844 740 carmina
857 673 1123 764 heroico-lyrica,
1145 696 1225 764 qua·

61 783 106 849 lia
139 780 361 864 Stesichorus,
393 781 508 871 Ibycus
544 779 596 846 alii
629 778 729 846 multa
766 789 1035 871 composuerunt3
1074 770 1225 846 nimirum

61 886 160 970 haec,
188 889 215 953 si
237 897 468 978 argumenta
489 886 703 977 spectaveris,
732 886 773 952 ad
793 882 928 976 lyricam
950 886 1148 976 tragoediam
1170 908 1225 952 ac·

64 995 200 1061 cessisse
222 996 370 1084 proprius
392 991 528 1075 dixeris,
556 1002 762 1059 externam
788 1015 867 1059 vero
894 994 1058 1058 formam
1081 1001 1224 1058 contem-

63 1099 172 1190 planti,
194 1109 230 1166 ut
248 1123 366 1190 quaea
388 1099 530 1181 choro,
551 1122 631 1165 non
653 1097 822 1187 singulis
844 1100 1122 1166 recitarentur
1142 1089 1225 1165 tra·

65 1206 225 1295 goedi's‚
248 1202 454 1296 dithyrambis
477 1229 513 1271 se
529 1202 801 1272 accommodasse
816 1200 918 1295 magis
940 1205 1098 1272 videntur.
1131 1202 1225 1270 Wel·

64 1309 178 1378 ckerus
215 1321 323 1378 tamen
358 1313 391 1377 in
418 1310 522 1377 Addit.
544 1329 575 1396 p.
599 1311 661 1375 245
692 1310 912 1377 Stesichorum
949 1321 981 1378 et
1009 1310 1224 1378 Xenocritum

63 1416 180 1505 lyricas
204 1417 425 1507 composuisse
447 1417 629 1506 tragoedias
651 1417 832 1506 suspicatur
852 1415 901 1483 his
919 1414 1114 1508 argumentis
1129 1440 1224 1485 usus:

64 1522 193 1602 „Plato
223 1531 313 1590 sctzt
343 1525 388 1590 im
408 1522 539 1589 Laches
566 1525 620 1590 die
649 1523 802 1590 doriacbe
829 1524 882 1590 ala
909 1526 962 1591 die
990 1514 1097 1612 eiazip
1124 1524 1224 1590 delate

64 1629 262 1696 belleniacbc
286 1629 416 1696 Toaart
444 1632 504 1696 der
523 1629 745 1717 ptryqtsetea
768 1631 840 1696 uad
860 1631 1029 1719 tydircben
1051 1639 1221 1717 eatpeqcn.

64 1735 199 1802 Dorum
224 1737 270 1802 ist
299 1758 335 1800 cs
363 1735 450 1802 wohl
480 1735 572 1800 nicht
599 1757 646 1801 za
676 1738 916 1818 ocrwurrdern,
947 1760 1042 1806 coemi
1072 1736 1226 1804 doriaclrc

62 1841 205 1907 Dichter
236 1862 300 1906 aon
328 1843 401 1906 dem
426 1839 627 1926 Ditbyramb
653 1841 705 1905 die
733 1842 844 1925 cpioclr
870 1843 1041 1910 choriaclte
1061 1843 1225 1910 Darrtcl·

64 1947 221 2034 lurrqsart
245 1947 445 2013 entlcbncnd
463 1947 528 2010 den
550 1945 725 2031 eiycntlicb
751 1947 1062 2033 dithyrambirchen
1075 1948 1224 2016 orarat-

64 2062 120 2120 ταν
141 2052 376 2119 arcsacblocscn
397 2052 469 2117 and
494 2048 599 2138 dafiir
625 2049 776 2117 doriscbc
797 2051 916 2118 Mutila
940 2056 1013 2119 aad
1037 2056 1090 2122 dic
1111 2036 1225 2121 Lautc

65 2158 272 2247 eiafiidrtcn.
316 2156 510 2223 Hterdarct
531 2155 659 2223 reliciat
679 2154 817 2244 freilicb
838 2160 900 2224 das
918 2158 1011 2244 Spicl
1031 2161 1117 2227 auch
1138 2159 1224 2248 aas·

61 2265 181 2352 pebdrt
200 2286 248 2330 za
270 2263 376 2329 baben
398 2263 570 2329 boccbirclt
598 2285 645 2329 za
667 2265 747 2329 acin.
770 2312 778 2328 .
804 2313 811 2329 .
837 2313 844 2328 .
891 2265 943 2331 lat
965 2266 1054 2332 diere
1080 2266 1224 2334 Verma-

63 2371 171 2457 tlaanp
187 2371 269 2436 iiber
290 2370 343 2434 die
365 2369 508 2457 tyriacltc
533 2371 700 2456 Trepidie
719 2370 919 2456 peprir'ndct,
948 2392 985 2440 ro
1005 2372 1139 2439 miirscn
1162 2374 1225 2440 wir

64 2477 153 2543 darm
175 2479 240 2542 dea
261 2475 478 2543 Stesichorus
499 2475 639 2543 aoelcbcr
658 2477 741 2544 noch
763 2477 966 2557 Quirrctilian
988 2482 1041 2546 dic
1056 2479 1144 2546 Laat
1166 2481 1225 2545 dcs

65 2584 216 2667 episc-bea
236 2579 411 2648 Gediebtca
425 2582 496 2671 aas
512 2584 564 2648 dic
579 2583 694 2651 Laate
715 2585 828 2665 traam,
851 2587 923 2651 rand
941 2587 1083 2654 welcbcr
1103 2592 1226 2653 zacrat

65 2689 132 2753 den
156 2686 243 2754 (lber
263 2710 330 2754 zur
348 2686 464 2754 Lanae
482 2690 620 2773 pestem
650 2690 755 2758 doben
777 2691 860 2771 soll,
889 2701 1009 2759 zacrst
1036 2692 1099 2780 fiir
1129 2695 1224 2761 einen

63 2793 198 2861 aolclacn
224 2793 400 2878 Traqddon
422 2786 607 2874 erkermcn3
628 2795 772 2880 aspiciet
794 2796 870 2862 hein
888 2799 983 2864 atter
1003 2798 1224 2886 Schriftstel·

64 2901 115 2967 ler
147 2900 204 2965 itm
234 2921 271 2966 ao
301 2906 405 2964 iterant
412 2922 426 2978 3
455 2900 528 2964 aad
561 2899 641 2965 eben
672 2922 710 2966 ao
739 2901 801 2966 den
827 2902 1068 2970 Xenoertaar‘
1116 2905 1224 2995 Atque

62 3015 304 3096 praeterquam,
335 3004 421 3094 quod
450 3005 631 3096 tragoedias
654 3028 673 3071 a
694 3003 827 3094 singulis
853 3007 1014 3096 tragoedis
1044 3017 1076 3074 et
1096 3008 1224 3075 histrio-

63 3111 156 3178 nibus
177 3113 343 3192 recitatas,
372 3133 448 3177 cum
476 3111 668 3178 carminibus
689 3110 943 3202 heroico-lyricis
974 3113 1071 3181 choro
1102 3114 1225 3182 solum-

64 3217 161 3284 modo
184 3220 264 3307 aptis
289 3218 465 3284 confundat
496 3238 537 3283 ne
564 3217 644 3284 illud
673 3219 802 3308 quidem
825 3218 911 3309 quod
933 3220 973 3287 de
996 3220 1086 3288 daria
1108 3222 1223 3288 carmi-

64 3346 143 3418 num
170 3322 286 3389 horum
313 3321 481 3389 harmonia
510 3323 600 3407 dicit,
631 3323 741 3391 locum
774 3328 856 3393 tueri
884 3328 1018 3416 poterit:
1051 3351 1126 3394 oum
1152 3331 1225 3419 ipse

65 3428 269 3495 Stesichorus
291 3429 324 3493 in
346 3430 382 3494 fr.
406 3452 449 3494 ex
472 3430 607 3496 Orestea
629 3441 756 3522 servato
779 3432 954 3524 Phrygiam
976 3459 1012 3501 se
1043 3436 1224 3502 incantatu-

65 3557 137 3600 rum
167 3535 367 3600 harmoniam
396 3558 467 3601 esse
495 3538 657 3626 praeletur
683 3536 731 3602 his
758 3538 882 3606 verbisr
915 3563 964 3631 ap.
993 3539 1100 3611 Schol.
1129 3543 1247 3608 Arist*

64 3640 147 3708 Avv.
173 3643 245 3707 797.
274 3638 344 3707 ἔστι
365 3642 400 3706 dd
422 3639 513 3726 παρὰ
534 3641 577 3706 τὰ
599 3637 808 3731 Στησιχόρου
829 3646 863 3710 ἐκ
885 3647 944 3727 τῆς
962 3644 1159 3734 Ὀρεστείας·
1305 3628 1312 3641 ’

113 3742 235 3812 Τοιάδε
254 3743 316 3834 χρή
335 3744 495 3839 Χαρίτων
513 3746 702 3836 δαμώματα
715 3748 924 3840 καλλικόμων
943 3749 1059 3839 ὑμνεῖν
1075 3750 1224 3844 Φρύγιον

352 3855 450 3940 μέλος
471 3852 661 3943 ἐξευρόντας
682 3853 793 3946 ἁβρῶς

108 3945 187 4048 ἦρος
213 3959 431 4046 ἐπερχομένου
443 3964 504 4046 ⁸⁰).

65 4091 108 4133 ex
130 4066 202 4133 coll.
225 4068 261 4133 lr.
283 4065 399 4134 Kleinii
419 4091 466 4135 nr.
488 4067 530 4134 39
552 4092 602 4161 ap.
625 4069 742 4163 Bergk.
764 4071 878 4142 PLGr.
901 4073 936 4141 [r.
959 4073 1012 4156 34,
1032 4097 1063 4165 p.
1079 4074 1157 4144 643.

67 4213 269 4227 ——u—

104 4297 142 4366 ⁸⁰]
161 4298 205 4353 Cl.
223 4301 337 4353 Mueller
355 4301 398 4354 ad.
416 4300 584 4356 Schneidew.
602 4302 683 4370 epist.
701 4320 727 4371 p.
746 4304 791 4356 xl,
886 4328 892 4339 „
