2798 4672
1239 235 1287 306 97

123 411 272 496 (naimo
290 406 419 499 χρόνον
440 410 502 476 τοῦ
524 411 681 501 τραγικου
703 410 791 476 καθ’
818 407 875 488 οὓς
896 414 952 477 καὶ
979 411 1149 491 Φίλιππος
1168 412 1188 479 ὁ
1209 417 1289 481 Μα-

122 519 243 584 arciori
253 516 460 602 βασίλευσεν,
481 519 539 583 καὶ
554 513 761 598 ἐτελεύτησεν
782 516 839 597 ἔτη
861 513 1078 598 ἐννενήκοντα
1093 516 1188 588 iarn.
1210 521 1290 612 ypol-

122 643 191 711 ψαι
224 622 271 689 δι’
305 625 393 689 ἐντῶν
430 621 553 707 νόμους
584 624 763 707 μουσικοὺς
798 624 989 703 δεκαεννέα,
1030 625 1189 712 προοίμια
1223 625 1289 712 λς’,

117 729 291 819 Ἄρτεμιν,
325 730 501 809 διασννυὰς
524 727 570 811 η’,
591 726 745 816 ἐγκώμια.
768 732 905 819 Πέρσας
927 725 948 810 ἢ
968 729 1148 815 Ναύτιλον,
1175 734 1288 802 Φινιίἑ

124 840 200 916 δας,
226 838 398 924 Λαέρτην,
433 835 670 926 διθυράμβους
690 831 749 918 ιη’,
778 830 901 922 ὕμνους
923 834 980 902 κα’
1009 842 1065 903 καὶ
1090 836 1177 905 ἄλλα
1200 840 1287 910 τινά.

123 947 221 1013 Pater
254 947 364 1037 igitur,
396 969 475 1012 num
503 943 710 1012 Thersander
739 967 780 1010 an
809 946 1012 1034 Neomysus,
1043 969 1085 1014 an
1111 947 1289 1041 Philopohs

125 1052 298 1135 audiverit,
333 1053 450 1120 Suidas
481 1051 611 1142 quidem
642 1053 675 1117 in
699 1052 805 1117 medio
825 1051 992 1143 reliquisse
1017 1054 1198 1139 videretur,
1228 1057 1290 1124 nisi

124 1169 303 1240 constaret,
328 1159 454 1248 ubique
470 1159 555 1224 'iere'
578 1180 697 1224 nomen
731 1158 771 1224 ob
800 1159 871 1248 ipso
901 1159 1004 1248 primo
1031 1159 1105 1227 loco
1135 1162 1287 1251 positum,

125 1268 252 1358 optimis
284 1265 376 1331 inniti
405 1265 604 1330 testimoniis.
643 1264 788 1332 'Etenim
811 1259 987 1351 Νισμὺσου
1019 1288 1154 1350 nomen,
1189 1260 1286 1359 quod,

124 1375 185 1439 nisi
215 1372 295 1455 follit
323 1373 462 1461 suspicio
484 1372 517 1436 in
534 1366 746 1456 ’Ννόμουσον
775 1374 1039 1440 commutandum
1062 1377 1135 1456 erit,
1161 1377 1286 1442 comico

126 1479 269 1561 debetur,
291 1480 401 1545 nescio
423 1480 486 1560 cui,
508 1479 563 1568 qui
582 1488 810 1546 succrescente
833 1476 994 1545 Timothei
1008 1472 1127 1570 gloria,
1154 1491 1288 1572 propter

125 1586 313 1652 novationes
332 1585 432 1676 ipsius
454 1587 486 1651 in
508 1608 544 1650 re
566 1585 689 1651 musica
712 1586 823 1668 factas,
842 1595 966 1676 patrem
989 1587 1019 1652 ei
1034 1589 1149 1677 jocose
1165 1586 1288 1653 affinxit

125 1692 337 1760 Neomusum.
379 1691 432 1772 De
461 1688 664 1780 Philopolide
692 1714 758 1758 non
779 1689 898 1775 habeo,
930 1715 1013 1783 quae
1037 1683 1204 1786 conjiciam
1226 1695 1288 1760 nisi

125 1797 339 1887 Ephesiorum
362 1821 439 1886 erga
458 1796 668 1864 Timotheum
695 1816 840 1864 amorem
863 1821 902 1865 eo
925 1800 1055 1865 nomine
1082 1801 1172 1889 tangi
1192 1809 1287 1891 puta·

126 1906 221 1970 veris.
263 1909 306 1970 At
327 1903 525 1970 Thersandri
544 1904 651 1992 ipsum
678 1901 777 1969 lilium
805 1902 903 1971 fnisse
930 1907 1007 1972 satis
1032 1907 1189 1999 evincitur
1210 1902 1287 1973 Ale·

125 2011 243 2079 xandri
263 2009 368 2076 Aetoli
390 2009 584 2088 testimonio,
609 2031 659 2094 ap.
682 2007 823 2077 Macrob.
847 2011 997 2076 Satumn.
1020 2010 1061 2091 V,
1083 2012 1134 2076 22.
1183 2006 1287 2098 Τιμό-

125 2119 215 2182 θεον
246 2112 394 2200 κιθάρας
426 2113 549 2196 tepora
582 2115 639 2176 καὶ
671 2111 795 2197 μελέων
819 2116 825 2199 1
851 2110 926 2178 icor
962 2112 1186 2203 Θιρσάνδροιυ
1217 2119 1286 2184 κτλ.

126 2245 226 2312 quem
249 2221 289 2286 ad
310 2220 419 2286 locum
440 2217 617 2285 Meinekius
640 2218 742 2284 Anall.
762 2218 879 2286 Alexx.
891 2212 925 2309 p.
936 2220 1000 2285 227
1020 2244 1085 2288 non
1104 2225 1288 2314 importune

125 2329 260 2408 monuit,
284 2349 358 2392 eum
379 2348 475 2414 quem
497 2326 530 2392 in
552 2327 836 2414 praestantissimis
848 2328 964 2393 Joniae
985 2328 1163 2394 tibicinibus
1184 2329 1287 2397 Ther·

126 2435 280 2502 sandrum
302 2440 484 2499 memorent
504 2431 659 2521 Polyaen.
674 2433 835 2522 Strategg.
848 2433 903 2516 Vl,
922 2436 962 2499 10
984 2446 1017 2502 et
1037 2431 1189 2524 Xenoph.
1208 2434 1287 2503 Hel·-

126 2543 189 2609 len.
222 2540 277 2622 lV,
305 2543 336 2620 8,
369 2540 409 2604 18
442 2539 578 2604 fortasse
614 2536 775 2604 Timothei
812 2540 944 2607 fratrem
982 2540 1167 2608 habendum
1205 2564 1287 2610 esse.-

127 2649 310 2737 Supersunt
332 2647 470 2735 denique
488 2643 691 2712 Pherecratis
707 2646 822 2712 cornici
834 2645 919 2735 apud
935 2647 1096 2715 Plutarch.
1111 2648 1151 2715 de
1165 2647 1288 2716 Musica

127 2779 159 2846 p.
177 2754 309 2820 llllF.
333 2775 461 2818 versus:

373 2902 375 2909 ›
454 2863 495 2924 A.
540 2859 633 2933 ινσῖος
658 2855 774 2923 οιίνοσιΙ

206 2963 224 3031 ὁ
247 2963 431 3052 Τιμόθεος,
455 2966 504 3029 Μ.
544 2960 708 3043 Μιλήσιός
732 2988 781 3040 τις
801 2960 962 3051 Πυρρίας.

128 3074 215 3142 unde
249 3073 367 3164 Georg.
402 3074 556 3164 Bipparto
588 3070 609 3137 l.
632 3070 651 3137 l.
680 3095 710 3162 p.
729 3074 771 3138 50
801 3071 1032 3162 (praecedente
1060 3069 1211 3136 Reinesio
1248 3068 1289 3134 ael

128 3179 274 3266 Suidam)
304 3205 369 3248 non
392 3179 642 3271 improbabiliter
670 3181 775 3244 visum
802 3164 871 3259 est,
894 3200 992 3267 posse
1020 3177 1149 3268 conjici,
1177 3174 1288 3242 Timo-

127 3286 239 3354 theum
268 3291 365 3356 etiam
398 3286 570 3378 aliquando
602 3285 751 3351 serviisse
782 3284 941 3375 siquidem
970 3283 1060 3350 Suid.
1083 3308 1113 3376 p.
1130 3282 1215 3348 3186
1237 3281 1287 3350 ed.

130 3392 228 3460 Goisl.
257 3399 335 3486 ajat:
372 3393 552 3480 Πυρῥὶυις,
582 3386 726 3466 δούλοις·
750 3389 875 3475 ”Oropo
898 3390 962 3477 γὰρ
986 3389 1106 3456 δούλου
1131 3385 1289 3478 Πυρρίας.

131 3500 256 3584 Quibus
279 3502 318 3568 de
341 3499 522 3568 nominibus
545 3499 639 3590 plura·
655 3499 729 3566 virle
753 3499 838 3589 apud
855 3496 1135 3565 llemsterhusium
1157 3498 1198 3562 ad
1221 3495 1288 3561 Lu-

129 3602 212 3672 cian.
235 3607 360 3696 Timon.
383 3633 414 3700 p.
432 3609 494 3673 112
517 3605 555 3674 ol.
579 3604 698 3677 Philos.
721 3630 751 3696 p.
769 3607 842 3687 486,
865 3598 938 3672 492.
992 3606 1117 3673 Tamen
1146 3600 1290 3693 Reinesii

128 3711 205 3779 huic
227 3718 421 3797 sententiae,
451 3716 559 3782 lovere
582 3735 708 3804 nequeo
730 3721 915 3803 propterea,
939 3713 1025 3802 quod
1048 3709 1207 3779 servitutis
1231 3729 1289 3797 op-

131 3839 335 3855 Μὴ,-

168 3917 207 3979 (Ἷ
226 3917 386 3984 Hucusque·
399 3915 467 3983 typis
486 3914 612 3966 mandato
630 3920 688 3966 erat
706 3913 829 3968 ntornte
849 3919 952 3977 nostru,
978 3927 1037 3964 cum
1062 3908 1234 3978 pervenirent
1256 3906 1291 3961 etl

202 4019 251 4055 nos
265 4004 334 4055 duae
345 4002 542 4074 Schneidewini
556 4000 810 4067 commentationes,
823 4004 908 4052 attero
919 4001 1024 4052 Nnncc.
1035 3997 1136 4051 Erudrl.
1148 3992 1290 4062 Gottingg.

202 4108 228 4158 p.
239 4093 308 4145 1³73
326 4091 437 4152 inserte,
455 4092 541 4142 altera
558 4089 701 4154 sejunctim
718 4088 836 4156 repetito
852 4087 1010 4152 lyricorum,
1036 4100 1052 4135 a
1069 4082 1185 4148 Berglrio
1204 4082 1292 4137 edito·

204 4194 262 4228 rum
281 4194 394 4229 censura
406 4177 543 4242 [Gotting.
554 4178 631 4230 1844.
643 4176 692 4242 8.),
712 4176 783 4226 unde
802 4173 867 4241 quid
885 4173 914 4223 in
931 4187 1004 4222 meos
1024 4178 1098 4237 trous,
1117 4176 1196 4222 antea
1214 4187 1229 4220 a
1250 4184 1291 4219 rne

205 4280 258 4316 non
276 4264 460 4318 animadversa
477 4263 649 4328 contulerim,
668 4259 783 4313 indicavi
802 4258 935 4322 religiose.

1072 4350 1090 4408 7
