2798 4672
186 264 264 338 210

186 455 356 527 caverunt,
390 469 408 512 a
436 447 520 514 Jove
552 446 635 511 inter
669 442 774 510 sidera
807 453 881 510 sunt
909 442 1062 511 relatae.”
1083 480 1126 492 -
1147 441 1351 538 Lamproclis

187 552 283 620 etiam
304 573 418 620 versus
441 575 489 642 ap.
513 548 628 618 Athen.
653 547 710 628 XI,
733 572 763 639 p.
787 549 848 615 491
874 549 911 617 C.

549 709 554 720 .
601 708 607 720 .
653 654 725 720 αἵτε
747 658 909 732 ποταναῖς

441 759 612 849 ὁμώνυμοι
632 761 803 830 πελειασιν
828 755 945 850 αἰθέρι
963 765 1090 830 κεῖσθε.
1185 821 1187 825 ,

185 871 272 940 haud
299 871 394 939 dubie
423 894 441 937 e
470 869 671 958 dithyrambo
705 892 805 936 verno
842 869 1002 961 desumpti
1033 880 1183 938 sunt-
1204 869 1261 941 De
1281 872 1352 945 sola

184 979 362 1069 Antigones
383 975 590 1066 Ismenesque
611 970 919 1043 commemoratione
939 976 1027 1066 apud
1046 975 1159 1043 Ionem
1177 974 1298 1045 Chium
1319 980 1351 1047 in

186 1083 459 1174 dithyramborum
480 1083 516 1148 fr.
540 1083 560 1145 6
581 1081 733 1150 Nieberd.
764 1077 828 1162 „dg
850 1078 869 1146 ὁ
889 1085 952 1168 μὲν
965 1077 1040 1146 Ἴων
1059 1081 1096 1147 ἐν
1118 1080 1350 1171 διθυράμβοις

185 1185 474 1277 καταπρησθῆναί
495 1208 601 1274 φησιν
621 1185 814 1275 ἀμφοτέρας
834 1189 871 1254 ἐν
892 1187 937 1278 τῷ
964 1187 1039 1278 ἱερῷ
1065 1189 1125 1268 τῆς
1146 1181 1257 1278 Ἥρης
1284 1188 1350 1259 ὑπὸ

179 1293 433 1382 ’Λαοδάμαντος
454 1294 514 1361 τοῦ
531 1290 771 1371 Ἐτεοκλέους·”
795 1297 912 1362 exoriri
934 1294 1041 1387 aliqua
1061 1296 1217 1365 dubitatio
1237 1300 1349 1390 possit,

186 1407 239 1473 oui
260 1403 372 1494 dithyr.
402 1404 512 1494 generi
538 1401 749 1469 adscribenda
777 1404 827 1468 sit.
877 1400 988 1469 Malim
1013 1410 1122 1470 tamen
1150 1426 1213 1495 ego
1240 1405 1348 1473 remis

186 1511 377 1592 adscribere,
399 1532 496 1600 quam
516 1507 664 1589 hibemis,
687 1509 767 1574 etsi
789 1529 853 1597 qua
874 1507 952 1574 mihi
971 1510 1005 1575 in
1026 1518 1094 1576 tam
1114 1508 1294 1599 caliginosa
1313 1532 1349 1579 re

179 1616 400 1706 excogitanda
415 1614 727 1680 commemorationis
744 1634 858 1680 caussa
872 1613 976 1695 fuerit,
998 1625 1131 1705 propter
1150 1615 1349 1685 simillimum

186 1720 334 1790 Semeles
365 1719 566 1810 filiarumque
593 1717 709 1808 Oedipi
738 1718 854 1786 excidii
883 1742 1002 1809 genus,
1022 1758 1066 1770 -
1085 1722 1231 1814 utrisque
1262 1724 1348 1793 enim

185 1830 268 1919 ignis
289 1829 322 1895 in
344 1848 460 1895 caussa
481 1826 592 1892 mortis
614 1825 687 1907 fuit,
707 1862 750 1873 —-
772 1826 863 1915 quasi
883 1848 943 1915 per
962 1829 1240 1918 comparationem
1260 1827 1346 1897 The-

184 1935 341 2002 banarum
363 1954 492 2024 quoque
518 1952 667 1998 sororum
692 1933 843 2023 injectam
869 1933 1066 2001 mentionem
1097 1958 1171 2003 esse
1199 1934 1347 2005 credide·

183 2043 253 2109 rim.
296 2039 364 2109 Sed
386 2036 466 2105 alius
488 2035 584 2104 aliam
611 2059 761 2104 caussam
789 2038 1028 2126 excogitaverit
1073 2040 1201 2109 Tamen
1226 2039 1346 2111 Thetis

176 2146 271 2216 bunc
300 2145 535 2237 dithyrambum
565 2143 716 2212 edoctum
745 2166 818 2210 esse
843 2144 984 2227 facilius,
1014 2154 1112 2237 puto,
1139 2149 1174 2215 in
1203 2148 1346 2217 animam

182 2255 383 2322 inducemus.

268 2359 341 2427 Nec
362 2359 448 2424 veris
469 2356 539 2424 laus
561 2378 659 2447 parca
682 2378 701 2421 e
722 2365 891 2446 poetarum
920 2355 1157 2450 chororumque
1184 2382 1243 2429 ore
1268 2382 1346 2453 pro·

182 2466 285 2533 fluxit.
329 2464 427 2530 Certe
447 2463 635 2531 Simonides
655 2463 835 2552 fragmenta
856 2463 907 2546 73,
930 2463 973 2530 74
992 2465 1110 2555 Bergk.
1131 2488 1229 2535 nemo
1250 2468 1344 2627 igno·

182 2580 247 2653 rat3
269 2592 376 2660 neque
398 2569 431 2635 hi
451 2569 582 2635 Pindari
602 2590 716 2634 versus
738 2568 840 2654 ignoti
865 2579 956 2634 sunt:

404 2667 476 2738 τότ’
500 2667 553 2737 ἐπ’
577 2668 755 2759 άμβρὸταν
774 2673 894 2796 χέρσον
914 2673 1032 2763 ἐραταὶ
1145 2730 1149 2737 .

404 2780 464 2845 ἔων
484 2775 591 2865 φόβαι
618 2775 704 2870 ῥόδα
726 2802 760 2844 τε
787 2775 923 2866 κόμαισι
951 2779 1143 2866 μίγνυται..

182 2891 237 2983 qui
257 2889 285 2956 si
304 2889 420 2980 integri
440 2887 504 2954 loci
523 2896 696 2969 exstarent,
717 2909 784 2954 non
807 2887 927 2974 dubito,
950 2890 1026 2979 quin
1047 2891 1165 2959 mirum
1186 2902 1343 2984 quantum

179 3019 240 3065 nos
263 3006 296 3064 et
315 3004 448 3087 propter
467 2995 626 3060 sermonis
647 2992 743 3060 flores
766 3002 799 3060 et
819 2995 1052 3062 sententiarum
1072 2994 1342 3087 pulduitudinu

181 3104 390 3171 arriderent·

264 3209 332 3277 Sed
355 3231 374 3275 e
395 3205 557 3273 veteribus
579 3205 694 3273 comici
719 3213 837 3295 poetae
863 3227 941 3296 prae
969 3209 1084 3276 ceteris
1107 3207 1204 3302 hujus
1226 3212 1341 3281 carmi-

178 3338 257 3382 num
283 3314 409 3404 genen's
438 3311 635 3379 acerbissimi
657 3311 784 3403 judices
823 3333 1040 3404 censoresque
1066 3305 1274 3403 exstiterrmt3
1303 3339 1339 3386 ac

179 3418 449 3511 quemadmodum
470 3417 507 3485 L.
529 3416 699 3485 Dissenius
720 3415 740 3482 l.
764 3416 784 3484 l.
806 3418 928 3508 optime
945 3420 1184 3506 animadvertit,
1218 3447 1263 3492 ex
1284 3424 1339 3492 de·

176 3525 302 3616 scriptis
321 3523 370 3590 his
389 3545 564 3591 vemomm
594 3521 868 3614 dithyramborum
890 3527 1089 3616 argumentis
1111 3530 1208 3597 Arist.
1230 3528 1336 3600 Nubb.

175 3631 240 3699 332
259 3652 328 3721 sqq.
350 3628 457 3696 lucem
479 3629 655 3718 accipiunt:

196 3731 295 3804 ταῦτ’
317 3732 362 3824 άρ
381 3733 518 3800 ἐποίουν
537 3729 642 3822 ὑγράν
661 3733 803 3819 νεφελᾶν
825 3737 1067 3828 στρεπταιγλᾶν
1088 3735 1187 3806 δάϊον
1207 3737 1320 3830 ὁρμάν

195 3840 386 3930 πλοκάμους
406 3839 450 3908 θ’
475 3836 721 3931 ἑκατογκεφάλα
740 3842 844 3928 Tvqoi
864 3841 1119 3930 πρημαινούσας
1137 3870 1174 3913 τε
1188 3848 1338 3927 θυέλλας

193 3940 257 4017 εἶτ’
283 3947 413 4037 αἐρὶους
434 3946 561 4036 διεροὺς
582 3947 741 4034 γαμψοὺς
767 3943 905 4028 οἰωνοὺς
925 3947 1114 4041 ἀερονηχεῖς

192 4053 339 4143 ὄμβρους
360 4051 404 4122 θ’
427 4051 560 4122 ὑδάτων
581 4055 743 4144 δροσερᾶν
763 4057 919 4142 Νεφελᾶν
939 4109 1102 4126 ......

255 4160 354 4229 Ridet
379 4162 529 4230 nimirum
558 4163 758 4231 comicorum
784 4162 998 4232 facetissimus
1027 4164 1337 4255 dithyrambicorum

170 4268 348 4338 carminum
369 4278 569 4359 argumenta,
589 4268 702 4350 nubes,
724 4277 849 4351 ventos,
861 4278 1092 4364 tempestates,
1114 4294 1193 4343 aves
1214 4271 1336 4343 imbres
