2798 4672
1147 282 1223 356 115

56 461 181 551 βικὴν
211 461 321 544 λέξιν
347 449 458 552 {rbere
490 453 579 539 ὅπως
606 460 652 548 μὴ
683 460 788 539 εὐθυς
821 457 915 552 φάνῃ
944 463 1148 549 παρανομῶν
1175 452 1222 542 sic

58 570 121 651 τὴν
142 565 288 658 ἀρχαίαν
309 567 480 653 μουσικήν.
524 567 649 652 (Music.
674 591 701 636 c.-
724 567 780 652 lV)
805 591 1000 658 quamquam
1023 568 1076 637 vel
1098 569 1150 639 hic
1172 570 1222 638 lo·

58 701 118 747 cus
150 676 368 745 emendatrice
401 675 478 741 lima
508 675 640 765 indiget.
699 675 859 743 Nimirum
890 674 1079 744 Timotheus
1105 700 1148 745 ne
1181 679 1222 745 ab

56 786 147 853 initio
175 784 283 850 statim
309 783 343 848 in
370 789 532 847 vetustam
556 781 956 849 -musicaeconditionem
981 783 1142 853 insaevire
1172 786 1221 852 vi-

56 892 184 973 deatur,
217 888 318 956 verba
350 886 480 979 quidem
511 887 609 977 epicis
638 890 781 956 numeris
814 888 998 969 adstrinxit,
1032 889 1074 957 ad
1104 890 1222 959 modos

57 1006 166 1064 autem
195 994 330 1062 deduxit
366 993 462 1083 plane
490 992 748 1083 dithyrambicos.
797 993 909 1083 ltaque
937 997 1065 1085 corrige
1091 1018 1222 1065 mecum

57 1097 264 1189 διαμιγνύων
285 1097 539 1186 διθυραμβικὴν
561 1094 665 1181 τάξιν.
707 1100 836 1167 Eteuirn
859 1100 1113 1187 διθυραμβικὴν
1133 1102 1222 1184 λέξιν

56 1211 276 1277 intermiscere
310 1208 411 1296 epicis
446 1206 612 1273 elementis
646 1216 714 1274 tum
745 1207 877 1273 demum
914 1229 1010 1273 ausus
1046 1219 1112 1289 est,
1145 1233 1221 1278 eum

57 1312 152 1396 τάξιν
172 1313 260 1381 illam
281 1321 500 1403 spectatorum
523 1312 652 1380 auribus
672 1314 873 1379 irminuasset.
916 1311 1006 1380 Initio
1025 1315 1110 1383 cuim
1129 1313 1220 1383 thea-

58 1432 181 1489 trorum
204 1443 278 1486 eum
300 1417 397 1485 sibilis
428 1416 599 1507 explosum
627 1441 699 1485 esse
728 1418 823 1486 docet
844 1417 928 1485 Plut.
952 1440 993 1487 an
1012 1420 1088 1488 Scn.
1112 1444 1143 1511 p.
1156 1423 1221 1489 795

57 1528 133 1618 Xyl.
178 1525 300 1613 Quales
322 1526 419 1613 igitur
437 1526 561 1614 priores
584 1523 746 1592 Timothei
767 1547 883 1591 nomos
905 1527 1047 1592 musicos
1071 1526 1221 1595 describit

57 1632 260 1713 Plutarchus,
282 1631 362 1698 tales
393 1629 510 1698 Suidas
534 1639 732 1711 auctorest,
761 1631 960 1721 undeviginti
990 1655 1065 1699 eum
1087 1655 1221 1724 compo·

58 1741 170 1806 suisse.
204 1739 321 1830 Neque
339 1739 451 1805 omisit
472 1735 531 1803 hos
554 1736 711 1827 Stephani
733 1760 862 1814 census,
883 1737 982 1804 nrodo
1005 1761 1070 1805 non
1092 1743 1220 1832 sejunc-

57 1848 117 1912 tim
139 1869 158 1912 a
179 1844 309 1936 reliquis
331 1845 436 1910 nemis
454 1840 654 1930 dithyrambo
674 1842 912 1910 assimiliaribus
931 1847 1140 1927 enumeravit,
1162 1846 1223 1914 sed

58 1951 135 2018 dicit
156 1950 378 2030 Timotheum,
408 1955 567 2037 quotquot
594 1945 827 2013 citharoedicus
853 1969 969 2013 nomos
993 1952 1221 2039 composuerit,

58 2081 173 2125 versus
196 2058 236 2124 ad
258 2077 429 2121 numerum
452 2054 519 2117 lere
541 2053 627 2117 8000
647 2046 693 2127 εἰς
715 2051 803 2115 ἐπῶν
824 2048 1077 2135 ὀκτακισχιλίων
1098 2053 1222 2122 duode-

56 2165 172 2254 viginti
194 2161 280 2226 libris
304 2157 511 2247 complexum
535 2181 615 2224 esse.
660 2155 775 2224 Melius
797 2156 870 2224 loco
895 2155 1137 2240 consuluerunt,
1168 2162 1224 2250 qui
1277 2230 1284 2237 ,

56 2290 136 2334 curn
158 2264 317 2332 Sahnasio
347 2259 457 2327 ἀλλων
481 2259 573 2348 χίλια
596 2259 659 2343 ἔστι
679 2263 869 2345 scriberent,
899 2266 1045 2357 quamvis
1066 2263 1167 2348 idem,
1189 2267 1222 2332 in

56 2374 209 2441 Prooem.
235 2371 275 2436 ad
288 2369 422 2436 Exercc.
441 2369 541 2436 Solio.
560 2378 683 2437 mutata
704 2371 862 2437 sententia
884 2367 996 2434 ἄλλων
1014 2367 1130 2456 χιλίων
1151 2381 1221 2438 ten·

58 2487 149 2544 taret.
191 2476 264 2544 Nec
287 2474 525 2543 Schneidewini
548 2479 734 2568 conjectura
753 2477 786 2543 in
807 2475 933 2549 Nuncc.
946 2475 1220 2567 ututucoumg.

61 2583 152 2650 1844.
174 2606 204 2673 p.
220 2582 311 2650 1384.
333 2585 390 2647 καὶ
411 2576 583 2668 ωρονόμια
603 2579 690 2646 ἀλλα
710 2579 756 2659 ὠς
773 2581 890 2669 χιλίων
911 2591 969 2665 (sc.
985 2582 1084 2668 ἐστίν)
1106 2607 1165 2674 per
1185 2607 1225 2657 se

59 2698 204 2779 spectata
227 2687 333 2770 habet,
356 2711 422 2778 quo
445 2688 698 2761 commendetur.
720 2728 763 2739 -
830 2705 834 2712 ·
1188 2746 1192 2763 ,

89 2811 93 2819 ’
143 2794 295 2885 Denique
311 2796 415 2861 nonus
431 2792 651 2866 citharoedicis
669 2795 809 2887 reliquis,
831 2819 913 2886 quae
929 2795 1122 2863 carminibus
1135 2791 1223 2866 ἀττα-

60 2901 248 2985 λιλυμὲνσις
270 2908 505 2968 accensuerunt
519 2903 727 2988 grammatici,
750 2924 855 2992 neque
871 2904 1037 2988 prooemia
1055 2903 1223 2990 scripsisse

59 3008 189 3075 videtur
209 3030 272 3074 nec
291 3007 467 3096 pronomia.
512 3005 555 3073 Hi
578 3007 663 3073 enim
684 3008 782 3089 nomi,
804 3030 880 3074 cum
896 3029 915 3072 a
931 3005 1131 3095 dithyrambo
1155 3007 1222 3074 lere

59 3136 124 3180 non
146 3114 208 3180 nisi
229 3122 419 3202 argumento
443 3111 606 3194 distarent,
628 3112 734 3184 nullus
756 3114 891 3195 dubites,
914 3113 990 3204 quin
1012 3121 1045 3178 ct
1065 3113 1126 3202 ipsi
1147 3134 1222 3205 pro·
1328 3163 1331 3169 -

61 3221 162 3286 oemis
195 3218 415 3287 substituerint
446 3217 600 3289 anabolas
633 3221 710 3285 istas
735 3221 823 3310 justo
857 3218 1018 3287 interdum
1048 3216 1221 3309 longiores.

60 3325 116 3393 Sic
139 3336 226 3393 certe
248 3327 442 3414 interpretor
464 3325 557 3391 Arist
581 3323 742 3393 Problem.
764 3323 856 3406 XIX,
881 3326 929 3391 15.
963 3322 1019 3389 διά
1042 3322 1075 3388 τί
1096 3326 1134 3391 σί
1156 3321 1223 3403 νό-
1298 3320 1302 3328 ’

58 3453 138 3516 μοι
159 3430 219 3497 οὐκ
248 3432 284 3496 ἐν
316 3426 553 3516 ἀντιστρόφοις
581 3429 771 3509 ἐποιοῦντο,
806 3433 843 3495 αἱ
877 3432 911 3496 δὲ
939 3427 1041 3507 ἄλλαι
1068 3426 1156 3522 ᾠδαὶ
1185 3433 1223 3497 αἱ

57 3525 206 3622 χ’σρικαὶς
240 3532 263 3616 ἢ
285 3529 337 3603 ὅτι
359 3538 391 3602 οί
413 3542 473 3620 μὲν
495 3533 593 3622 νόμοι
614 3532 808 3623 ἀγωνιστῶν
834 3523 923 3618 ἦσαν
947 3526 996 3603 νίν
1025 3533 1091 3618 ἤδη
1113 3543 1224 3624 μιμεῖ·

61 3644 152 3709 σθαι
173 3644 369 3728 δυναμένων
395 3649 451 3709 καὶ
481 3642 713 3709 διατείνεσθαι
743 3642 762 3722 ἡ
794 3640 873 3732 ρὶδὴ
901 3645 1061 3733 ἐγένετο
1088 3628 1224 3732 μακρὰ

61 3753 132 3815 καὶ
152 3746 382 3829 πολυειδὴς.

147 3856 259 3948 ltaque
289 3881 331 3924 ex
360 3855 494 3946 duplici,
532 3856 619 3947 quod
647 3855 836 3924 Timotheus
869 3855 1012 3924 excoluit
1043 3875 1224 3938 nemorum,

62 3985 193 4052 genere,
214 3973 369 4045 vetustos,
391 3963 424 4030 ni
446 3961 547 4042 fallor,
576 3961 690 4029 modos
714 3962 753 4031 ab
776 3963 930 4033 Arcadica
951 3963 1121 4050 juventute
1144 3984 1225 4052 quo-

61 4072 168 4137 tannis
188 4071 320 4137 iteratos
344 4091 432 4149 esse,
464 4067 591 4138 tradidit
618 4066 802 4135 Athenaeus
825 4065 913 4147 XIV,
936 4088 965 4154 p.
983 4065 1056 4129 626.
1098 4064 1227 4137 Deinde

64 4174 218 4244 Clemens
240 4173 415 4244 Alexandr.
439 4174 590 4243 stromat.
613 4197 644 4264 p.
659 4172 724 4240 308
746 4172 787 4241 D.
811 4171 900 4260 Sylb.
933 4165 1055 4254 νόμους
1078 4198 1111 4241 τε
1139 4171 1227 4259 npu-

64 4302 141 4359 τους
163 4269 242 4373 ᾖσιν
263 4283 301 4347 ἐν
318 4279 405 4371 χορῷ
427 4282 483 4345 καί
506 4276 637 4367 κιθάρᾳ
659 4273 829 4362 Τιμόθεος
850 4273 868 4340 ὁ
891 4273 1075 4362 Μιλήσισςς
1096 4281 1154 4347 sed
1175 4280 1227 4345 hic

979 4384 1027 4447 8*
