2798 4666
1155 246 1231 322 217

68 434 206 504 lectione
227 429 414 516 Δαλιακῶν,
435 453 494 522 pro
510 452 575 522 qua
596 427 727 498 Δαλίων
748 429 785 495 ἐν
806 425 839 493 δ’
861 428 1036 517 Συριακῶν
1057 428 1232 520 legendum

69 565 150 625 esse,
178 561 250 630 cap.
270 538 369 620 IV,2
398 537 698 604 demonstravimus.
740 537 899 606 Neutram
923 536 1021 627 igitur
1048 537 1233 627 opinionem

69 671 128 739 ego
150 668 265 714 veram
288 668 360 711 esse
382 643 532 726 arbitror3
552 644 618 710 imo
633 640 754 711 Bacchi
771 665 847 710 cum
857 642 1032 710 Memnone
1051 666 1174 710 nexum
1189 666 1233 711 cx

69 755 174 834 unica,
194 753 225 818 si
246 751 322 842 quid
344 750 450 829 video,
471 748 579 816 fabula
602 771 621 815 a
641 748 758 816 Servio
780 749 871 840 Virg.
889 750 968 816 Aen.
980 748 1004 832 l,
1018 750 1082 815 489
1103 759 1233 816 narrata

71 858 298 950 explicandum
320 880 393 923 esse
411 877 539 924 censeo.
560 893 604 904 —

155 964 313 1034 Videmus
334 963 431 1052 igitur
448 963 516 1053 jam
539 985 581 1028 ex
602 960 652 1027 his
673 960 751 1030 licet
772 963 920 1031 tenuibus
941 963 1101 1054 vestigiis,
1135 985 1233 1054 quam

72 1081 160 1140 arcto
192 1091 341 1139 connexa
370 1066 499 1134 vinculo
532 1091 575 1135 ex
603 1066 740 1134 heroum
766 1067 884 1158 mythis
914 1071 1015 1160 petita
1043 1078 1234 1160 argumenta

73 1201 146 1246 cum
175 1173 344 1243 Bacchicis
375 1196 448 1240 esse
476 1172 571 1240 rebus
600 1173 771 1256 deberent,
802 1182 839 1239 ut
865 1185 974 1267 aptam
1003 1174 1143 1243 hibernis
1170 1173 1234 1241 illis

72 1282 276 1350 Lenaeorum
296 1278 502 1369 dithyrambis
517 1279 709 1369 praeberent
722 1283 905 1365 materiem3
929 1306 992 1374 quo
1006 1281 1111 1364 simul,
1135 1303 1234 1374 quam

73 1390 165 1456 nobis
188 1387 350 1479 agendum
371 1385 579 1476 providenter
607 1395 640 1452 et
661 1386 900 1478 dijudicandum
920 1390 961 1454 sit
982 1387 1152 1469 subtiliter',
1178 1409 1236 1476 ap-

74 1504 175 1586 paret,
194 1495 222 1560 si
243 1516 326 1584 quae
346 1493 429 1558 forte
451 1490 725 1581 dithyramborum
744 1493 968 1584 inscriptiones
989 1497 1092 1586 primo
1112 1492 1238 1559 obtuitu

75 1599 153 1667 nihil
186 1599 228 1666 ad
254 1598 433 1665 Bacchicas
464 1599 625 1687 pertinere
656 1598 779 1666 fabulas
810 1600 988 1668 videantur.
1039 1600 1130 1668 Idem
1156 1618 1237 1666 vero

77 1708 173 1773 etiam
192 1708 295 1795 magis
316 1705 349 1770 in
372 1727 427 1772 eas
443 1705 641 1771 narrationes
661 1705 755 1788 cadit,
777 1730 860 1798 quae
876 1717 1030 1798 tanquam
1043 1729 1102 1798 per
1114 1707 1238 1796 digres-

77 1814 209 1878 sionem
221 1812 360 1879 insertae
383 1810 584 1898 dithyrambo
611 1811 775 1893 videntur,
805 1813 964 1903 siquidem
986 1814 1041 1903 qui
1061 1812 1239 1879 Pindarum

76 1919 181 2000 novit,
207 1940 315 2008 neque
336 1915 406 1984 hoo
420 1918 562 2007 ignorat,
592 1940 690 2008 quarn
715 1915 808 1983 nobis
837 1918 999 1986 interdurn
1027 1919 1237 2006 necopinato

77 2021 174 2113 longe
213 2023 350 2112 repetita
389 2022 542 2090 obvenire
580 2023 728 2090 videatur
763 2021 866 2112 mytlri
903 2019 1072 2114 cujusdem
1107 2023 1239 2104 mentio,

79 2131 239 2220 quamvis,
269 2130 297 2194 si
328 2129 508 2196 accuratius
537 2151 607 2195 rem
632 2130 885 2218 inspexerimus,
915 2127 993 2194 nihil
1023 2151 1063 2194 ea
1084 2128 1187 2218 possit
1206 2136 1241 2195 et

80 2237 185 2324 aptius
207 2244 241 2302 et
261 2232 489 2324 significantius
518 2233 662 2299 inveniri.
716 2234 813 2320 Quod
843 2245 974 2326 propter
1000 2236 1060 2301 tria
1085 2235 1239 2324 imprimis

80 2342 260 2430 fragmenta
280 2342 437 2407 monitum
458 2337 550 2406 volo:
577 2337 729 2430 Bacchyl.
750 2341 788 2408 fr.
809 2339 877 2411 XV
900 2351 932 2409 et
950 2340 1041 2424 XVI,
1063 2342 1112 2410 ed.
1128 2341 1240 2425 Neuc3

81 2447 210 2514 Pindar.
232 2448 268 2513 lr.
284 2448 327 2513 50
341 2445 471 2537 Bergk,
490 2446 523 2510 in
546 2445 660 2536 quibus
683 2447 759 2538 quid
782 2445 941 2538 Geryonis
962 2448 1023 2517 sibi
1044 2457 1082 2516 et·
1096 2446 1243 2539 Neptuni

82 2563 114 2620 et
133 2552 320 2653 l'hiloctetis
343 2553 462 2620 mentio
484 2549 577 2634 velit,
604 2575 657 2620 me
677 2553 822 2622 nondum
842 2554 1022 2646 intelligere
1042 2578 1140 2647 posse
1162 2575 1242 2623 con·

80 2659 181 2725 liteor.
231 2658 402 2725 Dissenius
431 2682 487 2726 eos
518 2667 574 2724 aut
600 2658 702 2727 obiter
729 2659 921 2744 honoratos,
952 2672 1008 2730 aut
1028 2661 1243 2731 Philoctetem

83 2774 117 2831 et
138 2763 322 2854 Geryonem
343 2765 383 2831 iis
413 2764 633 2832 accensendos
663 2788 735 2831 esse
765 2764 947 2834 hominibus
975 2768 1158 2845 arbitratur,
1189 2765 1243 2854 qui

81 2871 129 2938 sic
157 2869 280 2939 Bacchi
312 2871 480 2938 comitibus
510 2869 646 2937 adscribi
673 2869 824 2938 solerent
867 2872 965 2957 Quod
993 2875 1050 2939 vix
1071 2870 1181 2961 credo.
1199 2905 1244 2916 -

83 2977 213 3068 Optime
245 2998 324 3043 vero
356 2999 444 3044 nunc
469 2976 600 3043 Aristot.
627 2976 664 3044 Α.
687 2977 725 3044 Ρ.
754 2977 826 3043 c.2
856 2975 954 3042 habet
986 2975 1244 3065 explicationem,

84 3105 173 3166 cum,
212 3106 311 3174 quam
342 3082 479 3151 libenter
510 3083 623 3174 tragici
651 3091 769 3174 poetae
802 3084 835 3149 in
866 3080 980 3149 fabulis
999 3079 1244 3152 rBacelricarum

83 3211 192 3256 rerum
212 3190 403 3256 memoriam
424 3190 664 3272 renovaverint,
691 3211 787 3256 nemo
808 3191 842 3256 in
862 3186 911 3254 bis
934 3195 1081 3255 versatus
1106 3187 1243 3277 ignoret.

84 3295 300 3362 Conferantur
320 3295 435 3377 modo,
463 3305 500 3362 ut
527 3296 560 3362 in
582 3293 753 3385 Sophoclis
776 3294 933 3362 duntaxat
958 3293 1087 3377 fabulis,
1118 3295 1172 3386 qui
1191 3292 1246 3362 vel

82 3399 222 3490 plurima
241 3402 275 3468 in
296 3401 345 3468 his
367 3425 507 3470 novasse
530 3403 644 3482 fertur,
671 3424 724 3468 me
746 3401 943 3494 contineam,
964 3401 1071 3495 Antig.
1089 3402 1154 3470 955
1175 3424 1245 3495 sqq.

84 3506 138 3572 nr.
153 3507 339 3590 uls-553
363 3508 402 3575 ο.
416 3509 631 3592 corr-933
652 3507 691 3575 0.
704 3507 743 3576 Τ.
757 3509 941 3593 noo-103
962 3510 1012 3602 Aj.
1026 3512 1105 3594 ⁶⁹⁹3
1128 3507 1245 3578 nach.

83 3611 263 3679 ala-221.
307 3613 425 3704 Neque
448 3615 545 3681 etiam
565 3614 629 3683 hoc
656 3615 867 3707 injucundum
893 3626 956 3685 est
970 3616 1248 3693 animadversisse,
1361 3648 1364 3652 ·

83 3715 292 3786 hibernorum
314 3718 390 3787 dith.
413 3722 559 3804 nomina,
588 3724 743 3813 tragicam
771 3723 933 3816 quandam
954 3727 1077 3815 spirare
1097 3720 1247 3806 majesta-
1372 3776 1376 3783 .

83 3833 161 3908 tem,
183 3848 259 3892 cum
280 3848 455 3894 vernomm
477 3837 667 3916 argumenta
687 3829 728 3894 ad
750 3834 891 3900 comicas
913 3841 969 3896 aut
987 3824 1141 3913 satyricae
1156 3819 1248 3887 labu-

83 3929 132 3997 las
155 3933 288 4022 propius
308 3933 473 4002 accedant.
517 3931 602 3999 Hinc
625 3955 768 4025 quoque,
790 3939 918 4027 opinor,
938 3935 1059 3998 lactum
1081 3935 1141 4008 est,
1161 3926 1250 4018 quod

86 4035 392 4125 dithyrambicorum
425 4039 478 4106 alii
511 4039 627 4107 comici
658 4037 712 4105 alii
744 4041 857 4131 tragici
887 4045 1004 4127 poetae
1037 4032 1145 4101 vocati
1176 4034 1250 4116 sint,

85 4165 145 4233 pro
168 4152 205 4210 ut
226 4166 310 4212 unus
333 4147 468 4239 quisque
490 4155 545 4214 aut
565 4144 700 4212 laetiora
720 4153 775 4209 aut
802 4143 940 4210 tristiora
968 4149 1157 4232 argumenta
1176 4137 1249 4206 illu·

86 4258 218 4332 straret,
253 4252 420 4342 nequeaesi
451 4251 514 4320 boc
552 4248 788 4346 considerasset
821 4245 998 4318 Meineldus
1032 4258 1157 4320 tantum
1188 4244 1250 4336 ipsi
