2798 4672
1214 244 1288 317 103

121 426 284 518 peculiare
320 425 556 494 Bucolicorum
595 424 787 514 poculorum
818 447 922 514 genus
952 420 1130 512 κισσύβιον
1165 424 1288 493 dietum

122 557 196 602 esse
215 535 339 601 monuit
362 533 543 599 Creuzerus
564 533 598 599 in
618 530 766 619 Dionyso
788 553 819 621 p.
840 533 889 599 15.

154 668 169 701 κ
207 664 238 706 v.
261 641 291 705 3.
321 633 508 726 ἀμβρότας]
535 635 677 707 Boeckh.
711 637 893 706 Comment.
916 638 1016 706 read.
1043 640 1156 707 scient
1174 636 1284 707 Berol.

123 748 209 832 18]]
228 770 259 836 p.
276 747 347 825 116,
370 769 408 812 eo
424 747 527 812 'verbo
548 765 616 811 non
636 744 706 811 sine
728 766 845 811 caussa
865 768 963 812 usum
984 767 1057 811 esse
1078 744 1284 813 Timotheum

119 853 312 943 suspicatus,
335 851 377 919 de
398 851 642 919 Ambrosiorum
663 850 747 916 lento
768 851 911 940 cogitare
930 871 992 916 nos
1010 849 1113 941 jubet,
1134 873 1198 942 quo
1217 851 1282 942 pri-

119 983 211 1026 mum
232 957 358 1025 solebat
378 959 491 1025 vinum
512 957 673 1048 depromi,
706 964 802 1048 atque
824 956 928 1045 poetis
948 957 982 1023 in
1005 958 1180 1024 certamine
1208 979 1282 1025 mu-

118 1068 201 1134 sico·
216 1063 392 1132 victoribus
423 1067 567 1154 praemio
595 1063 672 1131 dari.
695 1097 739 1111 ·-
760 1058 858 1151 ἀφρῷ
885 1059 1041 1150 βρυάζον]
1071 1063 1148 1131 Mes.
1174 1061 1281 1152 ἀφρο-

144 1166 273 1259 ονάζον.
294 1207 338 1218 -
1109 1199 1113 1206 ·
1221 1171 1224 1175 ’

118 1177 145 1262 β
205 1302 235 1343 ν.
256 1276 287 1342 4.
310 1276 446 1363 εἴκοσιν]
469 1276 524 1344 Sic
541 1273 638 1341 Dind.
656 1272 772 1365 Bergk
791 1275 879 1367 vulg.
900 1276 1014 1342 ιῖκσσι.
1035 1313 1077 1325 --
1100 1271 1137 1340 δ’
1159 1267 1283 1355 iliam

118 1381 227 1471 μέτρ’]
249 1373 372 1460 ίίὸατος
394 1405 437 1450 ex
456 1379 601 1449 Eustath.
623 1379 643 1447 l.
666 1379 687 1447 Ι.
710 1383 833 1473 recepi,
864 1381 999 1451 llomen'
1029 1383 1145 1472 Odyss.
1168 1377 1194 1447 ι’
1217 1383 1281 1451 204

119 1490 263 1579 vestigiis
284 1490 447 1556 insistens:

269 1588 307 1659 ἓν
328 1595 431 1670 δέπας
451 1591 638 1678 ἐμπλήσας,
666 1585 791 1672 ύὸστος
813 1593 879 1661 σίνσί
900 1596 1005 1661 εἴκοσι
1025 1597 1130 1681 μέτρα

272 1697 355 1767 Χιῦ’
379 1701 448 1764 κτί..

118 1810 167 1875 Ac
195 1817 282 1875 certe
310 1830 425 1873 sensus
454 1828 583 1896 quoque
615 1809 748 1899 requirit
773 1830 899 1874 vocem.
925 1847 969 1859 -
989 1805 1084 1897 μέτρ’
1116 1802 1279 1898 οίνέχιυιν]

118 1913 184 1981 duo
206 1912 299 1982 coto
322 1907 491 1996 ἀνέχουσα.
524 1910 670 1979 Eustalh.
692 1910 811 1997 ἔχευαν.
855 1909 1005 2000 ἇνέχιυιν
1030 1916 1114 1983 bene
1144 1938 1282 1983 revoca·

116 2020 165 2087 vit
184 2021 324 2109 primum
344 2016 370 2084 F
372 2015 472 2085 riebel
488 2014 531 2083 ll.
552 2015 638 2083 male
660 2028 830 2085 extrusum
851 2042 871 2084 a
891 2019 1064 2086 Fiorillone
1085 2018 1118 2087 ll.
1141 2029 1175 2087 et
1195 2019 1280 2087 Gro-

117 2124 260 2203 telendo,
282 2124 337 2212 qui
359 2119 534 2189 multorum
554 2118 616 2187 hoc
636 2123 670 2189 in
690 2144 726 2191 re
745 2123 904 2191 immerito
919 2146 1116 2193 eonsensum
1129 2124 1280 2192 tulerunt.

115 2231 281 2302 Nimirum
317 2229 524 2317 conjecerant
556 2220 699 2312 νηχύτου
730 2227 785 2297 vel
811 2227 956 2316 ναχύτου
984 2230 1039 2299 vel
1064 2225 1195 2317 ναχύτο
1225 2229 1282 2299 vel

113 2331 282 2423 χιύματος
313 2331 494 2422 relegantes
527 2331 683 2405 lectorem
713 2335 756 2403 od
786 2335 895 2405 Schol.
923 2336 1072 2428 Apollon.
1100 2337 1203 2405 Rhod.
1229 2336 1280 2421 lll,

115 2468 151 2513 v.
172 2442 246 2509 530.
274 2436 415 2523 νήχυτον
437 2429 526 2523 ὕδωρ
546 2439 587 2506 τὸ
608 2436 803 2526 πολύχυτον.
832 2441 871 2509 τὸ
898 2441 962 2532 μὰρ
980 2447 1025 2525 νῆ
1044 2446 1102 2509 καί
1124 2445 1280 2532 στέρησιν

118 2544 277 2635 σημαίνει
299 2547 357 2611 καὶ
386 2543 550 2613 ἐπίτασιν.
603 2546 752 2637 ΑροΠου.
773 2547 879 2617 Blrod.
905 2550 960 2633 lv,
983 2551 1075 2619 1367.
1104 2551 1211 2642 Etym
1234 2551 1278 2619 M.

117 2679 151 2746 p.
172 2657 246 2735 602,
266 2654 318 2721 40.
351 2652 928 2741 8ο1ι1.ν.διθυρομβοὸιύύσκαλος.
961 2656 1102 2748 Hesyeli
1121 2680 1194 2726 voc.
1216 2653 1279 2737 νή-

114 2783 227 2848 χυτον.
249 2798 293 2808 -
312 2756 425 2840 ἔμισγε
448 2755 494 2846 δ’]
516 2758 606 2825 Libb.
628 2757 781 2846 ἀνέμισγε
805 2758 839 2824 δ’
861 2763 999 2852 Epitom.
1020 2802 1065 2815 --

203 2892 234 2933 v.
256 2867 287 2932 5.
309 2861 342 2928 δ’
368 2857 466 2953 αἷμα]
490 2865 623 2946 (ἰτοίσί.,
638 2866 751 2956 Bergk.
774 2865 810 2930 δ’
832 2859 905 2951 ἅμα
926 2867 980 2933 vel
1002 2863 1108 2952 δισίμα
1124 2870 1158 2935 in
1174 2869 1276 2937 codd.

116 3010 160 3022 -
181 2968 342 3058 Βακχίου]
365 2996 448 3039 unus
470 2971 542 3039 cod.
564 2971 713 3058 βακχιία.
733 3010 776 3021 -
799 2969 986 3065 νιορῥύτοις
1005 2973 1145 3063 Epitom.
1160 2972 1277 3060 Bergk.

118 3077 213 3147 codd.
244 3075 425 3171 νεορρύτους
444 3078 500 3146 vel
519 3074 687 3166 νεωρύτσς
713 3078 768 3147 vel
795 3081 995 3170 νεωρῤυτσῖς,
1041 3077 1171 3146 Fiorillo
1198 3078 1278 3145 scri-

118 3186 184 3277 psit
204 3182 376 3278 νιοῤῥύτοι,
399 3186 487 3276 quod
507 3207 574 3253 non
594 3187 702 3275 inepte
723 3207 802 3253 sane
823 3186 1043 3275 excogitatum
1065 3193 1160 3268 esset,
1180 3183 1278 3252 modo

118 3291 161 3359 de
190 3293 435 3377 Ambrosianum
464 3293 545 3358 festo
578 3293 761 3381 cogitasset.
789 3329 832 3341 ·-
861 3286 1047 3380 δακρύοισι]
1076 3290 1176 3382 Epir,
1205 3290 1276 3359 con

119 3394 312 3484 δακρύουσι
354 3399 405 3467 Ad
435 3396 650 3465 elocutionem
679 3396 818 3465 conferri
843 3399 962 3487 poterit
984 3397 1150 3490 Euphorio
1169 3397 1276 3488 Etym

120 3503 228 3594 Magn.
251 3527 282 3594 p.
296 3505 370 3588 565,
388 3506 437 3574 15.
471 3499 665 3590 πολύτροφα
692 3497 819 3591 ὃύκρυα
845 3498 960 3583 Βύνης
986 3504 1027 3572 de
1056 3507 1149 3589 mari,
1181 3527 1279 3597 quem

116 3609 163 3682 nd
184 3608 294 3676 locum
316 3611 452 3680 llleinelr.
475 3608 567 3677 Anal.
582 3608 674 3676 Alex.
693 3633 723 3700 p.
737 3611 799 3676 124
818 3611 920 3681 nostri
940 3613 1037 3681 etiarn
1057 3635 1191 3681 mensor
1209 3611 1277 3677 luit.

118 3753 164 3769 --
183 3715 347 3805 Νυμφᾶν]
367 3713 563 3805 schweigh.
592 3715 721 3806 Bergk„
748 3717 842 3789 codd.
872 3718 1019 3804 νυμφᾶν.
1052 3721 1125 3809 epit.
1155 3713 1276 3798 ιιηχᾶν.

119 3822 291 3893 Putaveris
316 3823 359 3894 ed
390 3830 537 3892 nostrum
566 3820 675 3891 locum
706 3825 866 3914 respicere
890 3823 1101 3895 Plutarchum
1126 3823 1277 3910 Sympos.

121 3926 295 4009 lll,9extr.
318 3928 473 3994 δοκοῦσιν
495 3926 529 3992 δ’
550 3929 583 3992 ot
603 3934 665 4014 μέν
686 3932 825 3997 παλαιοὶ
846 3931 907 3999 τοῦ
927 3934 989 4014 μέν
1003 3929 1080 4004 Διὸς
1094 3920 1156 3993 δύο
1171 3927 1281 3993 σοιιίν.

121 4031 270 4114 τιθήνας
289 4072 333 4103 ῆ-
354 4034 414 4105 rori
436 4029 649 4107 carteritano
670 4035 836 4116 alsium,
854 4029 909 4103 ὅτι
923 4036 979 4103 δεῖ
988 4033 1047 4101 τὸν
1060 4031 1146 4099 θεὸν
1159 4033 1279 4101 τοῦτον

120 4141 157 4207 έν
189 4139 352 4213 nisio-or
384 4143 548 4229 μέτροις
580 4143 759 4230 Νυμφῶν
790 4138 1079 4226 τιθασσευόμενοι
1109 4144 1167 4207 καί
1199 4164 1279 4208 τιατ-

121 4244 322 4335 δενούμινσι
341 4245 547 4338 ύμιριίτιρον
568 4251 675 4319 ιιοιεῖν
695 4253 751 4317 καί
774 4244 1031 4336 φρονιμώτερον.
1066 4244 1115 4317 Gi.
1140 4245 1278 4317 casaub.
