<?xml version="1.0" encoding="UTF-8"?>
<!DOCTYPE html PUBLIC "-//W3C//DTD XHTML 1.0 Transitional//EN"
    "http://www.w3.org/TR/xhtml1/DTD/xhtml1-transitional.dtd">
<html xmlns="http://www.w3.org/1999/xhtml" xml:lang="en" lang="en">
 <head>
  <title>
</title>
<meta http-equiv="Content-Type" content="text/html;charset=utf-8" />
  <meta name='ocr-system' content='tesseract 3.04.00' />
  <meta name='ocr-capabilities' content='ocr_page ocr_carea ocr_par ocr_line ocrx_word'/>
</head>
<body>
  <div class='ocr_page' id='page_1' title='image "./diatribeindithy00schmgoog_0231.png"; bbox 0 0 2798 4666; ppageno 0'>
   <div class='ocr_carea' id='block_1_1' title="bbox 1204 254 1284 329">
    <p class='ocr_par' dir='ltr' id='par_1_1' title="bbox 1204 254 1284 329">
     <span class='ocr_line' id='line_1_1' title="bbox 1204 254 1284 329; baseline 0 0"><span class='ocrx_word' id='word_1_1' title='bbox 1204 254 1284 329; x_wconf 71' lang='grc'>219</span> 
     </span>
    </p>
   </div>
   <div class='ocr_carea' id='block_1_2' title="bbox 115 432 1323 2335">
    <p class='ocr_par' dir='ltr' id='par_1_2' title="bbox 115 432 1323 2335">
     <span class='ocr_line' id='line_1_2' title="bbox 117 432 1281 533; baseline -0.002 -24"><span class='ocrx_word' id='word_1_2' title='bbox 117 438 333 533; x_wconf 83' lang='lat' dir='ltr'>tragoedia</span> <span class='ocrx_word' id='word_1_3' title='bbox 359 437 469 505; x_wconf 86' lang='lat' dir='ltr'>omine</span> <span class='ocrx_word' id='word_1_4' title='bbox 494 434 692 527; x_wconf 83' lang='lat' dir='ltr'>perinfausto</span> <span class='ocrx_word' id='word_1_5' title='bbox 713 433 898 523; x_wconf 82' lang='lat' dir='ltr'>excogitata</span> <span class='ocrx_word' id='word_1_6' title='bbox 922 432 1067 520; x_wconf 59' lang='lat' dir='ltr'>udaia,</span> <span class='ocrx_word' id='word_1_7' title='bbox 1091 435 1141 520; x_wconf 68' lang='lat' dir='ltr'>de¹</span> <span class='ocrx_word' id='word_1_8' title='bbox 1163 459 1228 530; x_wconf 84' lang='lat' dir='ltr'>quo</span> <span class='ocrx_word' id='word_1_9' title='bbox 1247 442 1281 510; x_wconf 86' lang='lat' dir='ltr'>in</span> 
     </span>
     <span class='ocr_line' id='line_1_3' title="bbox 115 539 1282 645; baseline 0 -29"><span class='ocrx_word' id='word_1_10' title='bbox 115 548 222 617; x_wconf 82' lang='lat' dir='ltr'>Addit.</span> <span class='ocrx_word' id='word_1_11' title='bbox 243 569 276 645; x_wconf 92' lang='lat' dir='ltr'>p.</span> <span class='ocrx_word' id='word_1_12' title='bbox 297 543 379 626; x_wconf 82' lang='lat'>243,</span> <span class='ocrx_word' id='word_1_13' title='bbox 415 542 530 610; x_wconf 87' lang='lat' dir='ltr'>abinde</span> <span class='ocrx_word' id='word_1_14' title='bbox 555 561 587 632; x_wconf 88' lang='lat' dir='ltr'>p.</span> <span class='ocrx_word' id='word_1_15' title='bbox 614 539 677 605; x_wconf 82' lang='grc'>237</span> <span class='ocrx_word' id='word_1_16' title='bbox 708 539 851 622; x_wconf 81' lang='lat' dir='ltr'>disserit3</span> <span class='ocrx_word' id='word_1_17' title='bbox 889 561 965 608; x_wconf 88' lang='lat' dir='ltr'>cum</span> <span class='ocrx_word' id='word_1_18' title='bbox 1000 541 1041 610; x_wconf 87' lang='lat' dir='ltr'>de</span> <span class='ocrx_word' id='word_1_19' title='bbox 1075 542 1282 635; x_wconf 83' lang='lat' dir='ltr'>dithyrambo</span> 
     </span>
     <span class='ocr_line' id='line_1_4' title="bbox 116 644 1283 747; baseline 0 -26"><span class='ocrx_word' id='word_1_20' title='bbox 116 655 225 747; x_wconf 87' lang='lat' dir='ltr'>potius</span> <span class='ocrx_word' id='word_1_21' title='bbox 260 651 383 741; x_wconf 78' lang='lat' dir='ltr'>tragico</span> <span class='ocrx_word' id='word_1_22' title='bbox 422 659 479 716; x_wconf 87' lang='lat' dir='ltr'>aut</span> <span class='ocrx_word' id='word_1_23' title='bbox 510 649 648 715; x_wconf 85' lang='lat' dir='ltr'>comico·</span> <span class='ocrx_word' id='word_1_24' title='bbox 673 644 845 714; x_wconf 85' lang='lat' dir='ltr'>dicendum</span> <span class='ocrx_word' id='word_1_25' title='bbox 881 644 1002 715; x_wconf 74' lang='lat' dir='ltr'>luisset</span> <span class='ocrx_word' id='word_1_26' title='bbox 1057 649 1158 718; x_wconf 76' lang='lat' dir='ltr'>Petet</span> <span class='ocrx_word' id='word_1_27' title='bbox 1185 654 1283 721; x_wconf 87' lang='lat' dir='ltr'>etiam</span> 
     </span>
     <span class='ocr_line' id='line_1_5' title="bbox 116 753 1284 846; baseline -0.001 -17"><span class='ocrx_word' id='word_1_28' title='bbox 116 758 390 842; x_wconf 67' lang='lat' dir='ltr'>Luetclrirunm)</span> <span class='ocrx_word' id='word_1_29' title='bbox 411 753 596 824; x_wconf 86' lang='lat' dir='ltr'>necessario</span> <span class='ocrx_word' id='word_1_30' title='bbox 618 753 652 819; x_wconf 89' lang='lat' dir='ltr'>in</span> <span class='ocrx_word' id='word_1_31' title='bbox 675 774 783 820; x_wconf 89' lang='lat' dir='ltr'>errore</span> <span class='ocrx_word' id='word_1_32' title='bbox 804 753 1114 846; x_wconf 30' lang='lat' dir='ltr'>versari,*siquidem</span> <span class='ocrx_word' id='word_1_33' title='bbox 1128 758 1161 824; x_wconf 90' lang='lat' dir='ltr'>in</span> <span class='ocrx_word' id='word_1_34' title='bbox 1177 759 1284 828; x_wconf 83' lang='lat' dir='ltr'>distri·</span> 
     </span>
     <span class='ocr_line' id='line_1_6' title="bbox 115 852 1284 950; baseline -0.001 -14"><span class='ocrx_word' id='word_1_35' title='bbox 115 852 263 936; x_wconf 75' lang='lat' dir='ltr'>buends&#39;</span> <span class='ocrx_word' id='word_1_36' title='bbox 279 862 556 946; x_wconf 66' lang='lat' dir='ltr'>dithyramborum</span> <span class='ocrx_word' id='word_1_37' title='bbox 583 860 794 950; x_wconf 72' lang='lat' dir='ltr'>argumentis,</span> <span class='ocrx_word' id='word_1_38' title='bbox 824 880 891 926; x_wconf 89' lang='lat' dir='ltr'>non</span> <span class='ocrx_word' id='word_1_39' title='bbox 917 869 985 926; x_wconf 86' lang='lat' dir='ltr'>tam</span> <span class='ocrx_word' id='word_1_40' title='bbox 1009 862 1094 929; x_wconf 80' lang='lat' dir='ltr'>festa</span> <span class='ocrx_word' id='word_1_41' title='bbox 1119 863 1284 935; x_wconf 80' lang='lat' dir='ltr'>Bacoldea</span> 
     </span>
     <span class='ocr_line' id='line_1_7' title="bbox 118 960 1285 1064; baseline 0 -23"><span class='ocrx_word' id='word_1_42' title='bbox 118 960 219 1064; x_wconf 78' lang='lat' dir='ltr'>quam</span> <span class='ocrx_word' id='word_1_43' title='bbox 235 972 366 1039; x_wconf 86' lang='lat' dir='ltr'>diversa</span> <span class='ocrx_word' id='word_1_44' title='bbox 380 968 545 1036; x_wconf 83' lang='lat' dir='ltr'>fictionum</span> <span class='ocrx_word' id='word_1_45' title='bbox 556 960 773 1055; x_wconf 79' lang='lat' dir='ltr'>mythicarum</span> <span class='ocrx_word' id='word_1_46' title='bbox 792 976 939 1058; x_wconf 82' lang='lat' dir='ltr'>tempora</span> <span class='ocrx_word' id='word_1_47' title='bbox 952 971 1140 1060; x_wconf 83' lang='lat' dir='ltr'>respexerit</span> <span class='ocrx_word' id='word_1_48' title='bbox 1178 967 1285 1041; x_wconf 72' lang='lat' dir='ltr'>&#39;Putet</span> 
     </span>
     <span class='ocr_line' id='line_1_8' title="bbox 118 1065 1282 1160; baseline 0 -13"><span class='ocrx_word' id='word_1_49' title='bbox 118 1078 218 1160; x_wconf 86' lang='lat' dir='ltr'>enirn,</span> <span class='ocrx_word' id='word_1_50' title='bbox 248 1078 336 1144; x_wconf 89' lang='lat' dir='ltr'>initio</span> <span class='ocrx_word' id='word_1_51' title='bbox 358 1065 481 1143; x_wconf 75' lang='lat' dir='ltr'>Bocchi</span> <span class='ocrx_word' id='word_1_52' title='bbox 504 1073 691 1154; x_wconf 76' lang='lat' dir='ltr'>historiam,</span> <span class='ocrx_word' id='word_1_53' title='bbox 719 1068 848 1156; x_wconf 80' lang='lat' dir='ltr'>laudes,</span> <span class='ocrx_word' id='word_1_54' title='bbox 875 1075 1009 1158; x_wconf 82' lang='lat' dir='ltr'>merita,</span> <span class='ocrx_word' id='word_1_55' title='bbox 1037 1078 1282 1148; x_wconf 77' lang='lat' dir='ltr'>memorabilem</span> 
     </span>
     <span class='ocr_line' id='line_1_9' title="bbox 118 1173 1282 1277; baseline 0 -24"><span class='ocrx_word' id='word_1_56' title='bbox 118 1180 290 1277; x_wconf 80' lang='lat' dir='ltr'>originem,</span> <span class='ocrx_word' id='word_1_57' title='bbox 316 1185 431 1250; x_wconf 80' lang='lat' dir='ltr'>itinera</span> <span class='ocrx_word' id='word_1_58' title='bbox 454 1181 566 1272; x_wconf 82' lang='lat' dir='ltr'>epioae</span> <span class='ocrx_word' id='word_1_59' title='bbox 588 1173 697 1270; x_wconf 81' lang='lat' dir='ltr'>poesis</span> <span class='ocrx_word' id='word_1_60' title='bbox 719 1179 816 1246; x_wconf 86' lang='lat' dir='ltr'>modo</span> <span class='ocrx_word' id='word_1_61' title='bbox 839 1188 975 1249; x_wconf 84' lang='lat' dir='ltr'>tractata</span> <span class='ocrx_word' id='word_1_62' title='bbox 997 1178 1085 1267; x_wconf 83' lang='lat' dir='ltr'>esse.;</span> <span class='ocrx_word' id='word_1_63' title='bbox 1112 1182 1282 1275; x_wconf 81' lang='lat' dir='ltr'>praetereo</span> 
     </span>
     <span class='ocr_line' id='line_1_10' title="bbox 116 1278 1283 1379; baseline 0.001 -19"><span class='ocrx_word' id='word_1_64' title='bbox 116 1312 169 1360; x_wconf 82' lang='lat' dir='ltr'>res</span> <span class='ocrx_word' id='word_1_65' title='bbox 188 1300 267 1360; x_wconf 74' lang='lat' dir='ltr'>curn</span> <span class='ocrx_word' id='word_1_66' title='bbox 279 1287 411 1356; x_wconf 76' lang='lat' dir='ltr'>Bocchi</span> <span class='ocrx_word' id='word_1_67' title='bbox 427 1278 519 1359; x_wconf 82' lang='lat' dir='ltr'>cultu</span> <span class='ocrx_word' id='word_1_68' title='bbox 536 1278 681 1379; x_wconf 61' lang='lat' dir='ltr'>iunctos,</span> <span class='ocrx_word' id='word_1_69' title='bbox 708 1287 843 1368; x_wconf 72' lang='lat' dir='ltr'>iorem,</span> <span class='ocrx_word' id='word_1_70' title='bbox 864 1285 1051 1371; x_wconf 72' lang='lat' dir='ltr'>semelem,</span> <span class='ocrx_word' id='word_1_71' title='bbox 1072 1291 1186 1358; x_wconf 80' lang='lat' dir='ltr'>similia</span> <span class='ocrx_word' id='word_1_72' title='bbox 1207 1294 1283 1361; x_wconf 71' lang='lat' dir='ltr'>sirio</span> 
     </span>
     <span class='ocr_line' id='line_1_11' title="bbox 117 1383 1283 1490; baseline 0.001 -24"><span class='ocrx_word' id='word_1_73' title='bbox 117 1410 236 1489; x_wconf 83' lang='lat' dir='ltr'>magno</span> <span class='ocrx_word' id='word_1_74' title='bbox 260 1395 402 1464; x_wconf 80' lang='lat' dir='ltr'>delectu·</span> <span class='ocrx_word' id='word_1_75' title='bbox 419 1394 614 1476; x_wconf 77' lang='lat' dir='ltr'>&#39;accessissc3</span> <span class='ocrx_word' id='word_1_76' title='bbox 644 1402 714 1459; x_wconf 80' lang='lat' dir='ltr'>nrm</span> <span class='ocrx_word' id='word_1_77' title='bbox 739 1387 908 1460; x_wconf 69' lang='lat' dir='ltr'>tmrnurros&#39;</span> <span class='ocrx_word' id='word_1_78' title='bbox 933 1412 1006 1461; x_wconf 87' lang='lat' dir='ltr'>esse</span> <span class='ocrx_word' id='word_1_79' title='bbox 1032 1383 1283 1490; x_wconf 72' lang='lat' dir='ltr'>deds=·deasquo</span> 
     </span>
     <span class='ocr_line' id='line_1_12' title="bbox 117 1487 1282 1597; baseline 0.002 -25"><span class='ocrx_word' id='word_1_80' title='bbox 117 1487 633 1594; x_wconf 68' lang='lat' dir='ltr'>neomae‚stmprimis=‘cyoslen;</span> <span class='ocrx_word' id='word_1_81' title='bbox 659 1492 989 1592; x_wconf 74' lang='lat' dir='ltr'>postremo2²derriqau</span> <span class='ocrx_word' id='word_1_82' title='bbox 1011 1497 1119 1571; x_wconf 69' lang='lat' dir='ltr'>lutere</span> <span class='ocrx_word' id='word_1_83' title='bbox 1140 1501 1282 1597; x_wconf 76' lang='lat' dir='ltr'>genuino</span> 
     </span>
     <span class='ocr_line' id='line_1_13' title="bbox 120 1596 1283 1702; baseline 0.003 -25"><span class='ocrx_word' id='word_1_84' title='bbox 120 1604 413 1689; x_wconf 65' lang='lat' dir='ltr'>exscindendos,</span> <span class='ocrx_word' id='word_1_85' title='bbox 427 1605 572 1687; x_wconf 83' lang='lat' dir='ltr'>nebulas,</span> <span class='ocrx_word' id='word_1_86' title='bbox 588 1596 729 1688; x_wconf 77' lang='lat' dir='ltr'>stellas,</span> <span class='ocrx_word' id='word_1_87' title='bbox 739 1604 875 1689; x_wconf 85' lang='lat' dir='ltr'>imbres,</span> <span class='ocrx_word' id='word_1_88' title='bbox 893 1617 1076 1700; x_wconf 77' lang='lat' dir='ltr'>ventosque</span> <span class='ocrx_word' id='word_1_89' title='bbox 1103 1613 1283 1702; x_wconf 77' lang='lat' dir='ltr'>praedicari</span> 
     </span>
     <span class='ocr_line' id='line_1_14' title="bbox 119 1710 1282 1806; baseline 0.003 -23"><span class='ocrx_word' id='word_1_90' title='bbox 119 1726 236 1806; x_wconf 86' lang='lat' dir='ltr'>coepta</span> <span class='ocrx_word' id='word_1_91' title='bbox 252 1740 333 1784; x_wconf 89' lang='lat' dir='ltr'>esse.</span> <span class='ocrx_word' id='word_1_92' title='bbox 378 1714 476 1799; x_wconf 77' lang='lat' dir='ltr'>Qirod</span> <span class='ocrx_word' id='word_1_93' title='bbox 490 1711 639 1804; x_wconf 85' lang='lat' dir='ltr'>equidem</span> <span class='ocrx_word' id='word_1_94' title='bbox 652 1711 740 1779; x_wconf 79' lang='lat' dir='ltr'>nullo</span> <span class='ocrx_word' id='word_1_95' title='bbox 759 1710 856 1779; x_wconf 86' lang='lat' dir='ltr'>modo</span> <span class='ocrx_word' id='word_1_96' title='bbox 874 1712 1012 1782; x_wconf 84' lang='lat' dir='ltr'>concedi</span> <span class='ocrx_word' id='word_1_97' title='bbox 1026 1712 1163 1806; x_wconf 74' lang='lat' dir='ltr'>poterit·</span> <span class='ocrx_word' id='word_1_98' title='bbox 1194 1720 1282 1789; x_wconf 88' lang='lat' dir='ltr'>Nam</span> 
     </span>
     <span class='ocr_line' id='line_1_15' title="bbox 120 1818 1282 1913; baseline 0.004 -25"><span class='ocrx_word' id='word_1_99' title='bbox 120 1821 393 1910; x_wconf 81' lang='lat' dir='ltr'>dithyramborum</span> <span class='ocrx_word' id='word_1_100' title='bbox 414 1840 517 1910; x_wconf 83' lang='lat' dir='ltr'>genus</span> <span class='ocrx_word' id='word_1_101' title='bbox 536 1818 581 1899; x_wconf 86' lang='lat' dir='ltr'>id,</span> <span class='ocrx_word' id='word_1_102' title='bbox 603 1818 691 1908; x_wconf 89' lang='lat' dir='ltr'>quod</span> <span class='ocrx_word' id='word_1_103' title='bbox 712 1818 856 1884; x_wconf 86' lang='lat' dir='ltr'>secundo</span> <span class='ocrx_word' id='word_1_104' title='bbox 878 1818 951 1886; x_wconf 89' lang='lat' dir='ltr'>loco</span> <span class='ocrx_word' id='word_1_105' title='bbox 973 1825 1090 1906; x_wconf 78' lang='lat' dir='ltr'>posuit,</span> <span class='ocrx_word' id='word_1_106' title='bbox 1111 1827 1218 1913; x_wconf 84' lang='lat' dir='ltr'>priore</span> <span class='ocrx_word' id='word_1_107' title='bbox 1239 1849 1282 1893; x_wconf 91' lang='lat' dir='ltr'>ne</span> 
     </span>
     <span class='ocr_line' id='line_1_16' title="bbox 120 1921 1283 2019; baseline 0.003 -24"><span class='ocrx_word' id='word_1_108' title='bbox 120 1929 205 1995; x_wconf 78' lang='lat' dir='ltr'>diem</span> <span class='ocrx_word' id='word_1_109' title='bbox 228 1928 357 2019; x_wconf 82' lang='lat' dir='ltr'>quidem</span> <span class='ocrx_word' id='word_1_110' title='bbox 376 1927 537 2016; x_wconf 75' lang='lat' dir='ltr'>posterius</span> <span class='ocrx_word' id='word_1_111' title='bbox 559 1924 696 2006; x_wconf 78' lang='lat' dir='ltr'>exstitit,</span> <span class='ocrx_word' id='word_1_112' title='bbox 716 1921 779 1989; x_wconf 82' lang='lat' dir='ltr'>hoe</span> <span class='ocrx_word' id='word_1_113' title='bbox 801 1932 926 1990; x_wconf 80' lang='lat' dir='ltr'>tantmn</span> <span class='ocrx_word' id='word_1_114' title='bbox 946 1922 1054 1993; x_wconf 85' lang='lat' dir='ltr'>vernis</span> <span class='ocrx_word' id='word_1_115' title='bbox 1061 1977 1070 2010; x_wconf 95' lang='lat'>,</span> <span class='ocrx_word' id='word_1_116' title='bbox 1098 1924 1179 1996; x_wconf 71' lang='lat' dir='ltr'>ilud</span> <span class='ocrx_word' id='word_1_117' title='bbox 1199 1926 1283 1998; x_wconf 87' lang='lat' dir='ltr'>Dio·</span> 
     </span>
     <span class='ocr_line' id='line_1_17' title="bbox 118 2027 1323 2124; baseline 0 -22"><span class='ocrx_word' id='word_1_118' title='bbox 118 2037 217 2124; x_wconf 89' lang='lat' dir='ltr'>nysiis</span> <span class='ocrx_word' id='word_1_119' title='bbox 239 2034 378 2101; x_wconf 88' lang='lat' dir='ltr'>hibernis</span> <span class='ocrx_word' id='word_1_120' title='bbox 401 2032 505 2122; x_wconf 89' lang='lat' dir='ltr'>aptius</span> <span class='ocrx_word' id='word_1_121' title='bbox 528 2031 602 2113; x_wconf 82' lang='lat' dir='ltr'>luit3</span> <span class='ocrx_word' id='word_1_122' title='bbox 626 2027 720 2120; x_wconf 87' lang='lat' dir='ltr'>quale</span> <span class='ocrx_word' id='word_1_123' title='bbox 742 2050 821 2096; x_wconf 85' lang='lat' dir='ltr'>vero</span> <span class='ocrx_word' id='word_1_124' title='bbox 844 2031 1002 2098; x_wconf 82' lang='lat' dir='ltr'>exstincto</span> <span class='ocrx_word' id='word_1_125' title='bbox 1019 2032 1152 2100; x_wconf 84' lang='lat' dir='ltr'>demum</span> <span class='ocrx_word' id='word_1_126' title='bbox 1167 2035 1284 2104; x_wconf 78' lang='lat' dir='ltr'>enthu·</span> <span class='ocrx_word' id='word_1_127' title='bbox 1317 2044 1323 2053; x_wconf 78' lang='grc'><strong>“</strong></span> 
     </span>
     <span class='ocr_line' id='line_1_18' title="bbox 119 2134 1283 2227; baseline 0.002 -20"><span class='ocrx_word' id='word_1_128' title='bbox 119 2142 238 2207; x_wconf 88' lang='lat' dir='ltr'>siasmo</span> <span class='ocrx_word' id='word_1_129' title='bbox 262 2140 438 2207; x_wconf 86' lang='lat' dir='ltr'>accessisse</span> <span class='ocrx_word' id='word_1_130' title='bbox 459 2159 561 2227; x_wconf 85' lang='lat' dir='ltr'>genus</span> <span class='ocrx_word' id='word_1_131' title='bbox 585 2136 741 2226; x_wconf 90' lang='lat' dir='ltr'>opinatur,</span> <span class='ocrx_word' id='word_1_132' title='bbox 761 2134 795 2199; x_wconf 91' lang='lat' dir='ltr'>id</span> <span class='ocrx_word' id='word_1_133' title='bbox 814 2135 921 2224; x_wconf 91' lang='lat' dir='ltr'>ipsum</span> <span class='ocrx_word' id='word_1_134' title='bbox 941 2145 1008 2201; x_wconf 85' lang='lat' dir='ltr'>tarn</span> <span class='ocrx_word' id='word_1_135' title='bbox 1028 2148 1193 2207; x_wconf 89' lang='lat' dir='ltr'>vetustum</span> <span class='ocrx_word' id='word_1_136' title='bbox 1214 2143 1283 2226; x_wconf 84' lang='lat' dir='ltr'>luit,</span> 
     </span>
     <span class='ocr_line' id='line_1_19' title="bbox 118 2240 1283 2335; baseline 0.004 -23"><span class='ocrx_word' id='word_1_137' title='bbox 118 2245 258 2335; x_wconf 87' lang='lat' dir='ltr'>indeque</span> <span class='ocrx_word' id='word_1_138' title='bbox 288 2243 429 2312; x_wconf 89' lang='lat' dir='ltr'>amulta</span> <span class='ocrx_word' id='word_1_139' title='bbox 458 2252 563 2309; x_wconf 84' lang='lat' dir='ltr'>aetate</span> <span class='ocrx_word' id='word_1_140' title='bbox 591 2240 737 2308; x_wconf 89' lang='lat' dir='ltr'>omnibus</span> <span class='ocrx_word' id='word_1_141' title='bbox 771 2241 804 2306; x_wconf 91' lang='lat' dir='ltr'>in</span> <span class='ocrx_word' id='word_1_142' title='bbox 831 2240 951 2307; x_wconf 89' lang='lat' dir='ltr'>deliciis</span> <span class='ocrx_word' id='word_1_143' title='bbox 978 2240 1137 2326; x_wconf 88' lang='lat' dir='ltr'>habitum,</span> <span class='ocrx_word' id='word_1_144' title='bbox 1164 2257 1201 2314; x_wconf 86' lang='lat' dir='ltr'>ut</span> <span class='ocrx_word' id='word_1_145' title='bbox 1228 2249 1283 2318; x_wconf 90' lang='lat' dir='ltr'>vel</span> 
     </span>
    </p>
   </div>
   <div class='ocr_carea' id='block_1_3' title="bbox 121 2347 1283 2759">
    <p class='ocr_par' dir='ltr' id='par_1_3' title="bbox 121 2347 1283 2652">
     <span class='ocr_line' id='line_1_20' title="bbox 121 2347 1282 2446; baseline 0.003 -28"><span class='ocrx_word' id='word_1_146' title='bbox 121 2351 304 2420; x_wconf 87' lang='lat' dir='ltr'>Simonides</span> <span class='ocrx_word' id='word_1_147' title='bbox 331 2361 363 2417; x_wconf 83' lang='lat' dir='ltr'>et</span> <span class='ocrx_word' id='word_1_148' title='bbox 389 2349 493 2416; x_wconf 90' lang='lat' dir='ltr'>bonus</span> <span class='ocrx_word' id='word_1_149' title='bbox 520 2356 634 2438; x_wconf 87' lang='lat' dir='ltr'>poeta,</span> <span class='ocrx_word' id='word_1_150' title='bbox 662 2355 694 2413; x_wconf 91' lang='lat' dir='ltr'>et</span> <span class='ocrx_word' id='word_1_151' title='bbox 721 2349 813 2438; x_wconf 90' lang='lat' dir='ltr'>cujus</span> <span class='ocrx_word' id='word_1_152' title='bbox 839 2349 872 2414; x_wconf 94' lang='lat' dir='ltr'>in</span> <span class='ocrx_word' id='word_1_153' title='bbox 900 2347 1106 2439; x_wconf 80' lang='lat' dir='ltr'>dithyrambis</span> <span class='ocrx_word' id='word_1_154' title='bbox 1127 2354 1282 2446; x_wconf 84' lang='lat' dir='ltr'>imprimis</span> 
     </span>
     <span class='ocr_line' id='line_1_21' title="bbox 122 2453 1283 2552; baseline 0.004 -28"><span class='ocrx_word' id='word_1_155' title='bbox 122 2480 197 2524; x_wconf 88' lang='lat' dir='ltr'>cum</span> <span class='ocrx_word' id='word_1_156' title='bbox 218 2459 283 2523; x_wconf 83' lang='lat' dir='ltr'>vim</span> <span class='ocrx_word' id='word_1_157' title='bbox 304 2466 373 2523; x_wconf 85' lang='lat' dir='ltr'>tum</span> <span class='ocrx_word' id='word_1_158' title='bbox 396 2454 648 2522; x_wconf 88' lang='lat' dir='ltr'>enthusiasmum</span> <span class='ocrx_word' id='word_1_159' title='bbox 669 2453 831 2520; x_wconf 86' lang='lat' dir='ltr'>Himerius</span> <span class='ocrx_word' id='word_1_160' title='bbox 853 2453 978 2538; x_wconf 85' lang='lat' dir='ltr'>laudat,</span> <span class='ocrx_word' id='word_1_161' title='bbox 997 2457 1030 2524; x_wconf 94' lang='lat' dir='ltr'>in</span> <span class='ocrx_word' id='word_1_162' title='bbox 1052 2455 1115 2528; x_wconf 89' lang='lat' dir='ltr'>hoc</span> <span class='ocrx_word' id='word_1_163' title='bbox 1135 2483 1283 2552; x_wconf 88' lang='lat' dir='ltr'>praeser-</span> 
     </span>
     <span class='ocr_line' id='line_1_22' title="bbox 121 2558 916 2652; baseline 0 -24"><span class='ocrx_word' id='word_1_164' title='bbox 121 2565 178 2629; x_wconf 87' lang='lat' dir='ltr'>tim</span> <span class='ocrx_word' id='word_1_165' title='bbox 201 2561 474 2652; x_wconf 88' lang='lat' dir='ltr'>dithyramborum</span> <span class='ocrx_word' id='word_1_166' title='bbox 501 2583 621 2649; x_wconf 86' lang='lat' dir='ltr'>genere</span> <span class='ocrx_word' id='word_1_167' title='bbox 650 2558 916 2646; x_wconf 81' lang='lat' dir='ltr'>excelleret110).</span> 
     </span>
    </p>

    <p class='ocr_par' dir='ltr' id='par_1_4' title="bbox 207 2667 1283 2759">
     <span class='ocr_line' id='line_1_23' title="bbox 207 2667 1283 2759; baseline 0.008 -25"><span class='ocrx_word' id='word_1_168' title='bbox 207 2667 235 2734; x_wconf 85' lang='lat' dir='ltr'>E</span> <span class='ocrx_word' id='word_1_169' title='bbox 257 2667 487 2736; x_wconf 88' lang='lat' dir='ltr'>recentioribus</span> <span class='ocrx_word' id='word_1_170' title='bbox 512 2667 565 2756; x_wconf 94' lang='lat' dir='ltr'>qui</span> <span class='ocrx_word' id='word_1_171' title='bbox 585 2667 618 2733; x_wconf 91' lang='lat' dir='ltr'>in</span> <span class='ocrx_word' id='word_1_172' title='bbox 645 2675 793 2734; x_wconf 85' lang='lat' dir='ltr'>nostrum</span> <span class='ocrx_word' id='word_1_173' title='bbox 815 2691 945 2759; x_wconf 87' lang='lat' dir='ltr'>quoque</span> <span class='ocrx_word' id='word_1_174' title='bbox 967 2667 1133 2740; x_wconf 86' lang='lat' dir='ltr'>literarum</span> <span class='ocrx_word' id='word_1_175' title='bbox 1153 2671 1283 2744; x_wconf 88' lang='lat' dir='ltr'>hortum</span> 
     </span>
    </p>
   </div>
   <div class='ocr_carea' id='block_1_4' title="bbox 121 2811 325 2821">
    <p class='ocr_par' dir='ltr' id='par_1_5' title="bbox 121 2811 325 2821">
     <span class='ocr_line' id='line_1_24' title="bbox 121 2811 325 2821; baseline -0.01 0"><span class='ocrx_word' id='word_1_176' title='bbox 121 2811 325 2821; x_wconf 71' lang='grc'>----.</span> 
     </span>
    </p>
   </div>
   <div class='ocr_carea' id='block_1_5' title="bbox 161 2878 459 2948">
    <p class='ocr_par' dir='ltr' id='par_1_6' title="bbox 161 2878 459 2948">
     <span class='ocr_line' id='line_1_25' title="bbox 161 2878 459 2948; baseline -0.023 -17"><span class='ocrx_word' id='word_1_177' title='bbox 161 2878 209 2945; x_wconf 72' lang='lat'><strong>¹⁰⁹)</strong></span> <span class='ocrx_word' id='word_1_178' title='bbox 225 2881 244 2932; x_wconf 86' lang='grc' dir='ltr'>ι.</span> <span class='ocrx_word' id='word_1_179' title='bbox 262 2881 281 2932; x_wconf 90' lang='grc' dir='ltr'>ι.</span> <span class='ocrx_word' id='word_1_180' title='bbox 297 2896 325 2948; x_wconf 81' lang='lat' dir='ltr'>p.</span> <span class='ocrx_word' id='word_1_181' title='bbox 343 2879 459 2934; x_wconf 79' lang='lat' dir='ltr'>ss-sr.</span> 
     </span>
    </p>
   </div>
   <div class='ocr_carea' id='block_1_6' title="bbox 160 2977 1289 4344">
    <p class='ocr_par' dir='ltr' id='par_1_7' title="bbox 160 2977 1289 4344">
     <span class='ocr_line' id='line_1_26' title="bbox 160 2977 1285 3051; baseline 0.007 -18"><span class='ocrx_word' id='word_1_182' title='bbox 160 2981 208 3047; x_wconf 88' lang='lat'><strong>¹¹⁰)</strong></span> <span class='ocrx_word' id='word_1_183' title='bbox 227 2984 297 3034; x_wconf 88' lang='lat' dir='ltr'>Dum</span> <span class='ocrx_word' id='word_1_184' title='bbox 315 2980 367 3034; x_wconf 90' lang='lat' dir='ltr'>hae</span> <span class='ocrx_word' id='word_1_185' title='bbox 384 2984 511 3051; x_wconf 79' lang='lat' dir='ltr'>plagulae</span> <span class='ocrx_word' id='word_1_186' title='bbox 528 2982 604 3050; x_wconf 88' lang='lat' dir='ltr'>prelo</span> <span class='ocrx_word' id='word_1_187' title='bbox 622 2979 732 3032; x_wconf 82' lang='lat' dir='ltr'>madent</span> <span class='ocrx_word' id='word_1_188' title='bbox 744 2977 934 3032; x_wconf 83' lang='lat' dir='ltr'>transmittitur</span> <span class='ocrx_word' id='word_1_189' title='bbox 949 2982 983 3034; x_wconf 85' lang='lat' dir='ltr'>ad</span> <span class='ocrx_word' id='word_1_190' title='bbox 996 2998 1045 3035; x_wconf 92' lang='lat' dir='ltr'>nos</span> <span class='ocrx_word' id='word_1_191' title='bbox 1054 2984 1125 3050; x_wconf 80' lang='lat' dir='ltr'>Aug.</span> <span class='ocrx_word' id='word_1_192' title='bbox 1136 2985 1285 3042; x_wconf 80' lang='lat' dir='ltr'>Witsclrelii</span> 
     </span>
     <span class='ocr_line' id='line_1_27' title="bbox 191 3065 1284 3138; baseline 0.007 -19"><span class='ocrx_word' id='word_1_193' title='bbox 191 3069 299 3120; x_wconf 83' lang='lat' dir='ltr'>libellus</span> <span class='ocrx_word' id='word_1_194' title='bbox 325 3069 432 3121; x_wconf 85' lang='lat' dir='ltr'>titulum</span> <span class='ocrx_word' id='word_1_195' title='bbox 456 3069 485 3121; x_wconf 93' lang='lat' dir='ltr'>in</span> <span class='ocrx_word' id='word_1_196' title='bbox 510 3068 600 3121; x_wconf 88' lang='lat' dir='ltr'>fronte</span> <span class='ocrx_word' id='word_1_197' title='bbox 625 3083 722 3134; x_wconf 81' lang='lat' dir='ltr'>gerens</span> <span class='ocrx_word' id='word_1_198' title='bbox 745 3065 830 3119; x_wconf 88' lang='lat' dir='ltr'>huno:</span> <span class='ocrx_word' id='word_1_199' title='bbox 852 3069 903 3119; x_wconf 82' lang='lat' dir='ltr'>Die</span> <span class='ocrx_word' id='word_1_200' title='bbox 926 3069 1041 3121; x_wconf 77' lang='lat' dir='ltr'>oltiscte</span> <span class='ocrx_word' id='word_1_201' title='bbox 1066 3073 1201 3138; x_wconf 75' lang='lat' dir='ltr'>Trop&#39;o‘dte</span> <span class='ocrx_word' id='word_1_202' title='bbox 1224 3075 1284 3126; x_wconf 82' lang='lat' dir='ltr'>eine</span> 
     </span>
     <span class='ocr_line' id='line_1_28' title="bbox 191 3153 1286 3226; baseline 0.005 -20"><span class='ocrx_word' id='word_1_203' title='bbox 191 3157 328 3222; x_wconf 76' lang='lat' dir='ltr'>Feetfeicr</span> <span class='ocrx_word' id='word_1_204' title='bbox 346 3157 394 3205; x_wconf 76' lang='lat' dir='ltr'>des</span> <span class='ocrx_word' id='word_1_205' title='bbox 411 3157 554 3222; x_wconf 77' lang='lat' dir='ltr'>Dionysus.</span> <span class='ocrx_word' id='word_1_206' title='bbox 570 3157 667 3222; x_wconf 78' lang='lat' dir='ltr'>Leipz.</span> <span class='ocrx_word' id='word_1_207' title='bbox 687 3154 766 3207; x_wconf 84' lang='grc'><strong>1844.</strong></span> <span class='ocrx_word' id='word_1_208' title='bbox 781 3155 809 3208; x_wconf 81' lang='grc'>8.</span> <span class='ocrx_word' id='word_1_209' title='bbox 837 3153 914 3219; x_wconf 84' lang='lat' dir='ltr'>cujus</span> <span class='ocrx_word' id='word_1_210' title='bbox 937 3156 1088 3224; x_wconf 83' lang='lat' dir='ltr'>perplacuit</span> <span class='ocrx_word' id='word_1_211' title='bbox 1104 3156 1168 3210; x_wconf 82' lang='lat' dir='ltr'>idea</span> <span class='ocrx_word' id='word_1_212' title='bbox 1185 3158 1286 3226; x_wconf 88' lang='lat' dir='ltr'>prinoi-</span> 
     </span>
     <span class='ocr_line' id='line_1_29' title="bbox 192 3240 1286 3313; baseline 0.01 -21"><span class='ocrx_word' id='word_1_213' title='bbox 192 3241 270 3309; x_wconf 86' lang='lat' dir='ltr'>palis,</span> <span class='ocrx_word' id='word_1_214' title='bbox 288 3257 342 3293; x_wconf 91' lang='lat' dir='ltr'>non</span> <span class='ocrx_word' id='word_1_215' title='bbox 361 3241 469 3309; x_wconf 89' lang='lat' dir='ltr'>oblique</span> <span class='ocrx_word' id='word_1_216' title='bbox 488 3243 569 3295; x_wconf 82' lang='lat' dir='ltr'>etiam</span> <span class='ocrx_word' id='word_1_217' title='bbox 588 3241 665 3295; x_wconf 88' lang='lat' dir='ltr'>nobis</span> <span class='ocrx_word' id='word_1_218' title='bbox 677 3240 796 3294; x_wconf 82' lang='lat' dir='ltr'>indicate</span> <span class='ocrx_word' id='word_1_219' title='bbox 806 3242 898 3311; x_wconf 82' lang='lat' dir='ltr'>paullo</span> <span class='ocrx_word' id='word_1_220' title='bbox 912 3258 994 3311; x_wconf 79' lang='lat' dir='ltr'>sopra</span> <span class='ocrx_word' id='word_1_221' title='bbox 1004 3260 1031 3310; x_wconf 84' lang='lat' dir='ltr'>p.</span> <span class='ocrx_word' id='word_1_222' title='bbox 1041 3245 1108 3310; x_wconf 73' lang='lat'>2173</span> <span class='ocrx_word' id='word_1_223' title='bbox 1125 3247 1286 3313; x_wconf 86' lang='lat' dir='ltr'>placuerunt</span> 
     </span>
     <span class='ocr_line' id='line_1_30' title="bbox 192 3328 1287 3408; baseline 0.011 -29"><span class='ocrx_word' id='word_1_224' title='bbox 192 3343 311 3395; x_wconf 92' lang='lat' dir='ltr'>quoque,</span> <span class='ocrx_word' id='word_1_225' title='bbox 329 3344 399 3396; x_wconf 83' lang='lat' dir='ltr'>quae</span> <span class='ocrx_word' id='word_1_226' title='bbox 418 3329 452 3379; x_wconf 92' lang='lat' dir='ltr'>de</span> <span class='ocrx_word' id='word_1_227' title='bbox 470 3329 572 3398; x_wconf 88' lang='lat' dir='ltr'>duplici</span> <span class='ocrx_word' id='word_1_228' title='bbox 590 3328 816 3394; x_wconf 82' lang='lat' dir='ltr'>dithyramborunr</span> <span class='ocrx_word' id='word_1_229' title='bbox 835 3344 935 3394; x_wconf 81' lang='lat' dir='ltr'>genere</span> <span class='ocrx_word' id='word_1_230' title='bbox 946 3330 1072 3383; x_wconf 87' lang='lat' dir='ltr'>Muellcri</span> <span class='ocrx_word' id='word_1_231' title='bbox 1085 3334 1173 3388; x_wconf 85' lang='lat' dir='ltr'>verbis</span> <span class='ocrx_word' id='word_1_232' title='bbox 1190 3352 1287 3408; x_wconf 87' lang='lat' dir='ltr'>snper-</span> 
     </span>
     <span class='ocr_line' id='line_1_31' title="bbox 192 3414 1286 3493; baseline 0.012 -27"><span class='ocrx_word' id='word_1_233' title='bbox 192 3414 293 3466; x_wconf 85' lang='lat' dir='ltr'>struxit</span> <span class='ocrx_word' id='word_1_234' title='bbox 310 3432 336 3482; x_wconf 94' lang='lat' dir='ltr'>p.</span> <span class='ocrx_word' id='word_1_235' title='bbox 352 3416 385 3466; x_wconf 78' lang='lat'>13</span> <span class='ocrx_word' id='word_1_236' title='bbox 400 3431 458 3483; x_wconf 86' lang='lat' dir='ltr'>sqq.</span> <span class='ocrx_word' id='word_1_237' title='bbox 476 3417 510 3469; x_wconf 88' lang='lat' dir='ltr'>el.</span> <span class='ocrx_word' id='word_1_238' title='bbox 528 3415 563 3468; x_wconf 85' lang='grc'>49</span> <span class='ocrx_word' id='word_1_239' title='bbox 580 3431 620 3483; x_wconf 83' lang='lat' dir='ltr'>sq.</span> <span class='ocrx_word' id='word_1_240' title='bbox 643 3414 731 3466; x_wconf 87' lang='lat' dir='ltr'>minus</span> <span class='ocrx_word' id='word_1_241' title='bbox 750 3419 840 3466; x_wconf 88' lang='lat' dir='ltr'>tamen</span> <span class='ocrx_word' id='word_1_242' title='bbox 857 3415 965 3493; x_wconf 88' lang='lat' dir='ltr'>probari</span> <span class='ocrx_word' id='word_1_243' title='bbox 983 3417 1061 3471; x_wconf 90' lang='lat' dir='ltr'>nobis</span> <span class='ocrx_word' id='word_1_244' title='bbox 1085 3428 1198 3488; x_wconf 87' lang='lat' dir='ltr'>possunt</span> <span class='ocrx_word' id='word_1_245' title='bbox 1214 3441 1286 3493; x_wconf 84' lang='lat' dir='ltr'>quse</span> 
     </span>
     <span class='ocr_line' id='line_1_32' title="bbox 191 3502 1287 3577; baseline 0.012 -25"><span class='ocrx_word' id='word_1_246' title='bbox 191 3504 424 3570; x_wconf 80' lang='lat' dir='ltr'>p.131eguntur:</span> <span class='ocrx_word' id='word_1_247' title='bbox 450 3506 534 3564; x_wconf 86' lang='lat' dir='ltr'>„Der</span> <span class='ocrx_word' id='word_1_248' title='bbox 555 3502 746 3569; x_wconf 75' lang='lat' dir='ltr'>nirlpramoos</span> <span class='ocrx_word' id='word_1_249' title='bbox 769 3517 829 3553; x_wconf 72' lang='lat' dir='ltr'>wtrr</span> <span class='ocrx_word' id='word_1_250' title='bbox 851 3504 895 3554; x_wconf 79' lang='lat' dir='ltr'>ein</span> <span class='ocrx_word' id='word_1_251' title='bbox 912 3503 982 3554; x_wconf 75' lang='lat' dir='ltr'>nied</span> <span class='ocrx_word' id='word_1_252' title='bbox 1004 3507 1057 3573; x_wconf 72' lang='lat' dir='ltr'>oros</span> <span class='ocrx_word' id='word_1_253' title='bbox 1076 3508 1128 3560; x_wconf 83' lang='lat' dir='ltr'>den</span> <span class='ocrx_word' id='word_1_254' title='bbox 1151 3512 1287 3577; x_wconf 72' lang='lat' dir='ltr'>Dionysos</span> 
     </span>
     <span class='ocr_line' id='line_1_33' title="bbox 190 3589 1287 3660; baseline 0.012 -23"><span class='ocrx_word' id='word_1_255' title='bbox 190 3589 240 3639; x_wconf 84' lang='lat' dir='ltr'>dos</span> <span class='ocrx_word' id='word_1_256' title='bbox 257 3591 287 3640; x_wconf 81' lang='lat' dir='ltr'>tn</span> <span class='ocrx_word' id='word_1_257' title='bbox 309 3590 358 3640; x_wconf 81' lang='lat' dir='ltr'>der</span> <span class='ocrx_word' id='word_1_258' title='bbox 376 3592 495 3640; x_wconf 73' lang='lat' dir='ltr'>dilectari</span> <span class='ocrx_word' id='word_1_259' title='bbox 513 3590 575 3641; x_wconf 71' lang='lat' dir='ltr'>zeii</span> <span class='ocrx_word' id='word_1_260' title='bbox 599 3589 665 3641; x_wconf 75' lang='lat' dir='ltr'>ohne</span> <span class='ocrx_word' id='word_1_261' title='bbox 692 3589 840 3642; x_wconf 70' lang='lat' dir='ltr'>detrimento</span> <span class='ocrx_word' id='word_1_262' title='bbox 861 3591 989 3660; x_wconf 76' lang='lat' dir='ltr'>Ordnunp</span> <span class='ocrx_word' id='word_1_263' title='bbox 1010 3596 1066 3647; x_wconf 78' lang='lat' dir='ltr'>ond</span> <span class='ocrx_word' id='word_1_264' title='bbox 1088 3598 1179 3649; x_wconf 78' lang='lat' dir='ltr'>Weiss</span> <span class='ocrx_word' id='word_1_265' title='bbox 1196 3598 1287 3649; x_wconf 81' lang='lat' dir='ltr'>woltr-</span> 
     </span>
     <span class='ocr_line' id='line_1_34' title="bbox 190 3673 1287 3743; baseline 0.01 -20"><span class='ocrx_word' id='word_1_266' title='bbox 190 3673 335 3726; x_wconf 80' lang='lat' dir='ltr'>sclieinlicll</span> <span class='ocrx_word' id='word_1_267' title='bbox 359 3691 411 3726; x_wconf 83' lang='lat' dir='ltr'>oon</span> <span class='ocrx_word' id='word_1_268' title='bbox 436 3677 518 3743; x_wconf 78' lang='lat' dir='ltr'>lostip</span> <span class='ocrx_word' id='word_1_269' title='bbox 540 3676 721 3728; x_wconf 79' lang='lat' dir='ltr'>verklcideten</span> <span class='ocrx_word' id='word_1_270' title='bbox 747 3678 813 3730; x_wconf 83' lang='lat' dir='ltr'>oder</span> <span class='ocrx_word' id='word_1_271' title='bbox 836 3688 1025 3732; x_wconf 79' lang='lat' dir='ltr'>varmumnrten</span> <span class='ocrx_word' id='word_1_272' title='bbox 1052 3683 1190 3733; x_wconf 80' lang='lat' dir='ltr'>Genossen</span> <span class='ocrx_word' id='word_1_273' title='bbox 1212 3684 1287 3734; x_wconf 84' lang='lat' dir='ltr'>eines</span> 
     </span>
     <span class='ocr_line' id='line_1_35' title="bbox 191 3761 1286 3830; baseline 0.008 -20"><span class='ocrx_word' id='word_1_274' title='bbox 191 3761 345 3813; x_wconf 78' lang='lat' dir='ltr'>Festnandls</span> <span class='ocrx_word' id='word_1_275' title='bbox 368 3776 503 3829; x_wconf 72' lang='lat' dir='ltr'>pesanpen</span> <span class='ocrx_word' id='word_1_276' title='bbox 526 3764 633 3825; x_wconf 80' lang='lat' dir='ltr'>warde,</span> <span class='ocrx_word' id='word_1_277' title='bbox 656 3768 752 3830; x_wconf 81' lang='lat' dir='ltr'>spitter</span> <span class='ocrx_word' id='word_1_278' title='bbox 774 3765 839 3818; x_wconf 81' lang='lat' dir='ltr'>ader</span> <span class='ocrx_word' id='word_1_279' title='bbox 861 3767 944 3821; x_wconf 75' lang='lat' dir='ltr'>durch</span> <span class='ocrx_word' id='word_1_280' title='bbox 959 3769 1045 3821; x_wconf 78' lang='lat' dir='ltr'>Arion</span> <span class='ocrx_word' id='word_1_281' title='bbox 1068 3783 1111 3816; x_wconf 81' lang='lat' dir='ltr'>nm</span> <span class='ocrx_word' id='word_1_282' title='bbox 1129 3766 1172 3814; x_wconf 83' lang='lat' dir='ltr'>die</span> <span class='ocrx_word' id='word_1_283' title='bbox 1189 3763 1224 3817; x_wconf 86' lang='grc'>40</span> <span class='ocrx_word' id='word_1_284' title='bbox 1244 3767 1286 3820; x_wconf 81' lang='grc'>01.</span> 
     </span>
     <span class='ocr_line' id='line_1_36' title="bbox 190 3847 1287 3918; baseline 0.008 -19"><span class='ocrx_word' id='word_1_285' title='bbox 190 3863 229 3899; x_wconf 79' lang='lat' dir='ltr'>zo</span> <span class='ocrx_word' id='word_1_286' title='bbox 255 3850 330 3899; x_wconf 83' lang='lat' dir='ltr'>einer</span> <span class='ocrx_word' id='word_1_287' title='bbox 354 3847 598 3915; x_wconf 75' lang='lat' dir='ltr'>kuostmr&#39;lssiperen</span> <span class='ocrx_word' id='word_1_288' title='bbox 621 3848 755 3917; x_wconf 61' lang='lat' dir='ltr'>Dicitana</span> <span class='ocrx_word' id='word_1_289' title='bbox 780 3852 894 3906; x_wconf 79' lang='lat' dir='ltr'>erdoden</span> <span class='ocrx_word' id='word_1_290' title='bbox 916 3870 968 3905; x_wconf 83' lang='lat' dir='ltr'>von</span> <span class='ocrx_word' id='word_1_291' title='bbox 991 3851 1155 3918; x_wconf 74' lang='lat' dir='ltr'>peordneten</span> <span class='ocrx_word' id='word_1_292' title='bbox 1182 3848 1287 3908; x_wconf 74' lang='lat' dir='ltr'>t&#39;ltdreo</span> 
     </span>
     <span class='ocr_line' id='line_1_37' title="bbox 192 3933 1287 4002; baseline 0.01 -19"><span class='ocrx_word' id='word_1_293' title='bbox 192 3950 236 3984; x_wconf 73' lang='lat' dir='ltr'>sons</span> <span class='ocrx_word' id='word_1_294' title='bbox 253 3936 331 3986; x_wconf 83' lang='lat' dir='ltr'>einen</span> <span class='ocrx_word' id='word_1_295' title='bbox 343 3935 426 3987; x_wconf 81' lang='lat' dir='ltr'>Allnr</span> <span class='ocrx_word' id='word_1_296' title='bbox 442 3949 577 4002; x_wconf 76' lang='lat' dir='ltr'>pesunpen</span> <span class='ocrx_word' id='word_1_297' title='bbox 594 3933 649 3984; x_wconf 78' lang='lat' dir='ltr'>and</span> <span class='ocrx_word' id='word_1_298' title='bbox 666 3936 715 3986; x_wconf 76' lang='lat' dir='ltr'>nsit</span> <span class='ocrx_word' id='word_1_299' title='bbox 733 3937 885 3989; x_wconf 77' lang='lat' dir='ltr'>mimtscden</span> <span class='ocrx_word' id='word_1_300' title='bbox 899 3941 1011 3988; x_wconf 78' lang='lat' dir='ltr'>Titnzers</span> <span class='ocrx_word' id='word_1_301' title='bbox 1026 3934 1152 3999; x_wconf 74' lang='lat' dir='ltr'>oepleitet</span> <span class='ocrx_word' id='word_1_302' title='bbox 1162 3940 1287 3997; x_wconf 80' lang='lat' dir='ltr'>wurde.&#39;&#39;</span> 
     </span>
     <span class='ocr_line' id='line_1_38' title="bbox 191 4018 1288 4094; baseline 0.008 -24"><span class='ocrx_word' id='word_1_303' title='bbox 191 4021 295 4084; x_wconf 74' lang='lat' dir='ltr'>Relege</span> <span class='ocrx_word' id='word_1_304' title='bbox 313 4025 406 4072; x_wconf 74' lang='lat' dir='ltr'>nostra</span> <span class='ocrx_word' id='word_1_305' title='bbox 423 4022 506 4073; x_wconf 82' lang='lat' dir='ltr'>verbs</span> <span class='ocrx_word' id='word_1_306' title='bbox 524 4037 551 4088; x_wconf 91' lang='lat' dir='ltr'>p.</span> <span class='ocrx_word' id='word_1_307' title='bbox 569 4021 620 4074; x_wconf 80' lang='lat'>159</span> <span class='ocrx_word' id='word_1_308' title='bbox 635 4037 711 4089; x_wconf 68' lang='lat' dir='ltr'>sqq·</span> <span class='ocrx_word' id='word_1_309' title='bbox 729 4023 811 4074; x_wconf 77' lang='lat' dir='ltr'>Plura</span> <span class='ocrx_word' id='word_1_310' title='bbox 836 4023 870 4072; x_wconf 89' lang='lat' dir='ltr'>de</span> <span class='ocrx_word' id='word_1_311' title='bbox 887 4019 1035 4074; x_wconf 83' lang='lat' dir='ltr'>Witsohelii</span> <span class='ocrx_word' id='word_1_312' title='bbox 1056 4018 1125 4073; x_wconf 90' lang='lat' dir='ltr'>libro</span> <span class='ocrx_word' id='word_1_313' title='bbox 1150 4022 1288 4094; x_wconf 75' lang='lat' dir='ltr'>disputare</span> 
     </span>
     <span class='ocr_line' id='line_1_39' title="bbox 192 4106 1289 4178; baseline 0.01 -22"><span class='ocrx_word' id='word_1_314' title='bbox 192 4107 226 4156; x_wconf 82' lang='lat' dir='ltr'>ab</span> <span class='ocrx_word' id='word_1_315' title='bbox 246 4106 376 4159; x_wconf 88' lang='lat' dir='ltr'>hocloco</span> <span class='ocrx_word' id='word_1_316' title='bbox 395 4107 513 4159; x_wconf 85' lang='lat' dir='ltr'>alienum</span> <span class='ocrx_word' id='word_1_317' title='bbox 532 4111 588 4173; x_wconf 86' lang='lat' dir='ltr'>est,</span> <span class='ocrx_word' id='word_1_318' title='bbox 611 4122 701 4175; x_wconf 85' lang='lat' dir='ltr'>neque</span> <span class='ocrx_word' id='word_1_319' title='bbox 718 4107 785 4160; x_wconf 85' lang='lat' dir='ltr'>satis</span> <span class='ocrx_word' id='word_1_320' title='bbox 802 4106 859 4158; x_wconf 88' lang='lat' dir='ltr'>scio</span> <span class='ocrx_word' id='word_1_321' title='bbox 877 4122 912 4158; x_wconf 80' lang='lat' dir='ltr'>en</span> <span class='ocrx_word' id='word_1_322' title='bbox 936 4106 995 4174; x_wconf 82' lang='lat' dir='ltr'>ipse</span> <span class='ocrx_word' id='word_1_323' title='bbox 1019 4109 1115 4159; x_wconf 85' lang='lat' dir='ltr'>auctor</span> <span class='ocrx_word' id='word_1_324' title='bbox 1136 4111 1222 4178; x_wconf 79' lang='lat' dir='ltr'>magis</span> <span class='ocrx_word' id='word_1_325' title='bbox 1246 4114 1289 4169; x_wconf 86' lang='lat' dir='ltr'>di·</span> 
     </span>
     <span class='ocr_line' id='line_1_40' title="bbox 193 4190 1288 4262; baseline 0.012 -19"><span class='ocrx_word' id='word_1_326' title='bbox 193 4191 294 4244; x_wconf 88' lang='lat' dir='ltr'>scentis</span> <span class='ocrx_word' id='word_1_327' title='bbox 312 4210 389 4246; x_wconf 83' lang='lat' dir='ltr'>usum</span> <span class='ocrx_word' id='word_1_328' title='bbox 406 4191 570 4262; x_wconf 84' lang='lat' dir='ltr'>respexerit,</span> <span class='ocrx_word' id='word_1_329' title='bbox 597 4209 678 4262; x_wconf 83' lang='lat' dir='ltr'>quarn</span> <span class='ocrx_word' id='word_1_330' title='bbox 702 4192 875 4261; x_wconf 80' lang='lat' dir='ltr'>pretiosiores</span> <span class='ocrx_word' id='word_1_331' title='bbox 899 4207 931 4246; x_wconf 82' lang='lat' dir='ltr'>ao</span> <span class='ocrx_word' id='word_1_332' title='bbox 953 4190 1090 4259; x_wconf 77' lang='lat' dir='ltr'>graviores</span> <span class='ocrx_word' id='word_1_333' title='bbox 1115 4213 1175 4252; x_wconf 87' lang='lat' dir='ltr'>oum</span> <span class='ocrx_word' id='word_1_334' title='bbox 1201 4200 1288 4256; x_wconf 86' lang='lat' dir='ltr'>doctis</span> 
     </span>
     <span class='ocr_line' id='line_1_41' title="bbox 194 4274 927 4344; baseline 0.007 -15"><span class='ocrx_word' id='word_1_335' title='bbox 194 4277 348 4333; x_wconf 82' lang='lat' dir='ltr'>horninibus</span> <span class='ocrx_word' id='word_1_336' title='bbox 367 4278 565 4333; x_wconf 76' lang='lat' dir='ltr'>communicare</span> <span class='ocrx_word' id='word_1_337' title='bbox 582 4277 699 4333; x_wconf 75' lang='lat' dir='ltr'>voluerit</span> <span class='ocrx_word' id='word_1_338' title='bbox 716 4274 927 4344; x_wconf 84' lang='lat' dir='ltr'>disquisitiones.</span> 
     </span>
    </p>
   </div>
   <div class='ocr_carea' id='block_1_7' title="bbox 0 0 1412 4666">
    <p class='ocr_par' dir='ltr' id='par_1_8' title="bbox 0 0 1412 4666">
     <span class='ocr_line' id='line_1_42' title="bbox 0 0 1412 4666; baseline 0 0"><span class='ocrx_word' id='word_1_339' title='bbox 0 0 1412 4666; x_wconf 95' lang='lat' dir='ltr'> </span> 
     </span>
    </p>
   </div>
  </div>
 </body>
</html>
