2798 4672
1224 281 1271 355 15

116 471 203 541 Nam
234 470 320 560 quod
348 469 489 537 Mamer.
512 468 660 554 Quaestt.
683 468 801 536 Scenrr.
824 465 866 549 II,
895 487 925 556 p.
944 467 987 533 25
1029 463 1195 545 Phaonem
1221 486 1272 530 se-

116 579 255 648 rioribus
277 573 392 642 fabulis
419 576 562 664 assignat
583 573 840 664 Olympiadeque
861 571 998 656 XCVII,
1029 581 1050 656 t
1072 581 1180 640 actum
1202 593 1273 637 sus·-

117 689 259 778 picatur,
281 692 350 748 tum
372 681 441 748 sola
463 683 648 749 coniectura
670 681 779 746 nititur
801 680 842 746 ad
864 678 972 748 Schol.
995 681 1090 747 Arist.
1113 677 1197 744 Plut
1213 679 1273 742 179

118 803 189 861 tum
209 797 383 880 propterea
403 789 509 853 minus
533 796 622 854 recte
644 787 863 875 excogitatum
885 785 1026 868 videtur,
1048 786 1200 876 quoniam
1222 781 1272 848 Ol.

119 897 233 980 XCIII,
254 897 277 963 3
297 897 363 960 iam
384 892 483 960 filium
504 891 598 961 huius
609 891 793 974 Philoxeni,
811 891 943 982 Eryxin,
959 892 1082 960 irrideri
1100 891 1140 958 ab
1151 891 1274 958 Aristo-

120 1003 227 1096 phane
247 1001 394 1069 vidimus.
469 1081 473 1092 ι
1377 1012 1379 1016 ”

203 1107 302 1200 Igitur
316 1106 397 1175 hacc
414 1108 481 1174 fere
492 1115 577 1187 sunt,
592 1127 675 1196 quae
693 1113 858 1194 comperta
874 1098 1029 1172 habemus
1042 1105 1083 1172 de
1094 1102 1274 1172 Philoxeno

120 1215 298 1297 Leucadio,
321 1235 417 1304 quem
439 1213 478 1279 ab
500 1212 636 1302 antiquis
666 1209 872 1300 scriptoribus
892 1211 969 1301 ipsis
991 1212 1178 1301 saepissime
1201 1233 1275 1278 cum

123 1321 277 1412 Cytherio
299 1319 468 1386 Euletidae
490 1317 553 1384 lilio
572 1317 783 1385 commixtum
801 1317 956 1384 videmus.
987 1317 1091 1408 Atque
1101 1316 1187 1385 hunc
1206 1320 1275 1409 qui-

123 1429 198 1496 dem
219 1436 312 1517 puto,
341 1434 378 1491 ut
402 1424 534 1492 redeam
557 1423 599 1490 ad
620 1423 714 1490 Arist.
736 1422 821 1491 Nub.
843 1423 907 1488 332
928 1420 1131 1514 subintellegi
1158 1423 1276 1490 debere

122 1535 164 1601 ad
191 1531 299 1600 Schol.
327 1529 356 1597 h.
378 1530 398 1597 l.
454 1523 536 1612 Iam,
571 1552 668 1621 quam
694 1528 799 1620 lepide
825 1531 949 1597 iocatur
975 1529 1205 1620 Aristophanes
1235 1531 1277 1597 de

122 1641 222 1732 Ipsius
246 1639 413 1705 notissima
433 1635 591 1727 ingluvie,
615 1634 759 1702 alludens
782 1635 917 1701 fortasse
940 1635 981 1701 ad
1001 1636 1102 1727 ipsius
1122 1632 1277 1724 ὀψαρτυ-

123 1745 203 1812 σὶαν
223 1743 272 1811 his
293 1745 414 1811 verbis:
435 1742 575 1829 κεστρᾶν
598 1736 722 1828 τεμάχη
744 1741 894 1833 μεγαλᾶν
914 1737 1071 1832 ἀγαθᾶν,
1092 1739 1197 1831 xptac'
1221 1738 1277 1831 ὀρ-

123 1850 240 1918 νίθεια
261 1849 412 1936 κιχηλᾶν,
433 1853 498 1916 iam
521 1872 618 1940 quam
640 1849 811 1917 commode
832 1851 934 1940 tangit
946 1849 1160 1939 Anaxagorae
1183 1849 1277 1916 disci·

124 1960 262 2050 plinam3
290 1960 344 2048 qui
366 1979 440 2025 cum
463 1958 503 2023 de
524 1955 657 2046 singulis
684 1965 818 2022 naturae
845 1954 1077 2045 phoenomenis
1098 1955 1200 2022 multa
1222 1979 1277 2024 co-

126 2068 255 2156 gitavit,
277 2075 348 2130 tum
367 2064 568 2153 potissimum
590 2062 652 2128 hoc
673 2063 796 2127 statuit:
818 2057 905 2146 ὁμοῦ
925 2057 1039 2127 πάντα
1053 2059 1209 2146 χρήματα
1226 2047 1280 2140 ἦν,

127 2173 216 2262 quod
244 2170 308 2235 hoc
334 2169 407 2235 Ioco
436 2169 532 2232 etiam
558 2165 745 2254 intellegere
772 2166 886 2232 suadet
917 2164 1025 2233 Schol.
1044 2167 1108 2232 334
1140 2163 1211 2243 ἑνὸς
1240 2169 1279 2231 τὸ
1341 2254 1345 2262 Ι

127 2276 198 2343 πᾶν
218 2263 305 2340 εἶναι
326 2268 522 2362 φάσκοντος.
565 2271 662 2356 Quod
682 2295 760 2338 vero
783 2271 962 2339 Scholiasta
984 2272 1281 2363 διθυραμβοποιόν

126 2391 225 2450 vocat
245 2379 460 2448 Philoxenum
480 2377 584 2460 illum,
611 2377 675 2446 hoc
697 2377 774 2444 nihil
801 2377 992 2446 difficultatis
1021 2383 1177 2464 continet,
1203 2404 1279 2448 nam

128 2487 305 2558 Clearchus
328 2508 457 2578 quoque
479 2508 528 2575 ap.
542 2483 656 2552 Athen,
670 2485 682 2550 I
688 2487 772 2575 ,pti
794 2494 826 2554 et
848 2487 937 2553 Suid.
960 2510 989 2578 p.
1003 2487 1130 2554 3797o.
1153 2485 1279 2554 Leuca-

129 2597 216 2664 dium
237 2593 451 2661 Philoxenum
479 2590 743 2680 dithyrambicum
769 2603 899 2683 poetam
925 2605 1057 2661 vocant:
1086 2595 1280 2686 quinetiam

130 2726 149 2770 a
175 2703 273 2794 priori
300 2707 526 2768 conservatum
553 2709 603 2764 est
628 2697 738 2787 hymni
767 2699 932 2765 cuiusdam
957 2701 1081 2766 initium
1103 2701 1143 2767 ab
1166 2701 1281 2767 eodem

129 2811 162 2876 in
183 2808 301 2898 nuptiis
323 2805 442 2896 Ephesi
464 2805 596 2871 cantati:
618 2800 733 2890 »Γάμε
756 2804 849 2870 θεῶν
870 2803 1091 2893 λαμπρότατε.
1100 2813 1118 2838 ”

214 2915 281 2982 Sed
303 2911 351 2983 his
375 2911 579 3000 digressionis
601 2909 685 2993 loco,
708 2935 902 3003 quamquam
922 2915 1057 2980 fortasse
1078 2937 1144 2980 non
1162 2918 1280 3005 impor-

131 3031 209 3088 tune
230 3021 374 3102 monitis,
396 3018 437 3084 ad
459 3015 648 3106 Cytherium
668 3021 859 3085 revertimur
880 3018 1102 3086 Philoxenum.
1146 3020 1283 3087 Videtur

132 3125 184 3194 hic
207 3127 248 3193 ad
270 3126 319 3193 Ol.
338 3122 461 3206 XCVI,
483 3123 513 3188 2.
562 3122 695 3191 Athenis
718 3134 950 3206 commoratus,
978 3135 1150 3216 postquam
1171 3135 1283 3193 contra

132 3228 414 3319 Carthaginienses
436 3252 455 3295 a
477 3228 634 3319 Dionysio
656 3255 810 3322 prospero
831 3232 933 3298 Marte
955 3231 1149 3299 debellatum
1171 3243 1229 3317 est,
1249 3234 1282 3301 in

133 3338 275 3404 Siciliam
297 3337 431 3405 colonus
455 3337 714 3425 transmigrasse,
741 3339 848 3428 ibique
875 3341 982 3405 statim
1010 3349 1084 3431 post
1110 3341 1284 3408 adventum

133 3448 167 3511 in
198 3446 341 3511 notitiam
370 3465 408 3510 ac
435 3441 680 3509 familiaritatem
713 3446 841 3511 venisse
874 3444 1022 3536 Dionysii
1055 3451 1195 3538 tyranni,
1230 3451 1283 3540 qui

134 3549 185 3618 Ol.
198 3549 316 3632 XCIV,
337 3551 359 3615 4
380 3567 488 3615 rerum
510 3546 623 3614 eadem
645 3572 708 3640 qua
720 3550 905 3619 Pisistratus
929 3551 1004 3619 olim
1027 3555 1142 3620 astutia
1164 3557 1283 3645 potitus

134 3658 176 3724 ad
209 3657 336 3747 Olymp.
360 3655 442 3736 CIV,
474 3656 488 3718 l
523 3676 627 3744 usque
662 3664 693 3720 et
722 3658 821 3723 vitam
850 3670 881 3725 et
907 3659 1106 3749 tyrannidem
1134 3663 1285 3750 produxit

133 3764 330 3831 Notissimae
356 3771 430 3829 sunt
459 3783 517 3850 per
549 3772 648 3829 totam
680 3767 899 3856 antiquitatem
931 3766 1058 3833 Siculae
1085 3767 1158 3833 illae
1187 3768 1284 3855 dapes

134 3869 339 3937 lautissimae.
383 3866 418 3934 In
440 3865 488 3933 his
511 3869 607 3958 igitur
629 3874 766 3939 conviva
789 3896 826 3938 ac
854 3882 1054 3962 compotator
1082 3875 1183 3939 iactus
1206 3872 1285 3940 Dio-

134 3979 239 4067 nysio,
262 3976 388 4043 videtur
408 3975 482 4042 inde
505 3979 670 4045 materiem
693 3979 860 4070 collegisse
882 3979 995 4046 nobilis
1022 3978 1104 4044 illius
1127 3980 1286 4069 pangendi

135 4084 301 4165 carminis,
333 4082 418 4173 quod
440 4083 580 4148 Δεῖπνον
606 4086 778 4176 inscripsit,
809 4085 848 4152 ad
877 4088 965 4152 cuius
988 4083 1224 4152 similitudinem
1247 4087 1286 4152 ab

135 4187 350 4280 Aristophane
377 4187 476 4255 multa
507 4193 684 4280 composita
714 4191 815 4266 videri
840 4192 872 4256 in
896 4190 1057 4276 Gerytade
1079 4190 1201 4273 fabula,
1223 4194 1286 4258 iam

136 4318 235 4387 supra
261 4299 451 4364 monuimus.
509 4296 580 4364 Noc
607 4307 715 4364 tamen
743 4294 940 4364 Philoxenus
970 4297 1023 4364 diu
1051 4299 1209 4386 gratiosus
1223 4296 1286 4363 τέ-
