2798 4672
417 1316 863 1456 consummas,

64 1739 262 1886 Polyidum
293 1800 386 1888 sequi
422 1797 559 1865 debebat
590 1796 737 1864 Telestes
766 1796 982 1880 Selinuntius,
1006 1798 1226 1890 'dithyrambi-

65 1922 193 1985 corum,
226 1906 259 1969 in
287 1903 424 1969 Diodori
452 1926 576 1969 canone
606 1911 752 1992 quamue,
787 1923 851 1991 quo
882 1904 936 1983 de,
967 1906 1112 1995 quamvis
1138 1909 1225 1974 haud

64 2010 194 2098 ignobili
220 2019 327 2099 poeta,
349 2008 503 2098 singulari
524 2019 632 2074 tamen
655 2008 761 2096 capite
784 2007 948 2095 disputare
963 2010 1139 2098 supersedi,
1159 2034 1226 2080 non

62 2125 140 2221 tarn¹
159 2114 246 2204 quod
275 2137 293 2178 a
315 2113 469 2202 Bipparto
491 2113 511 2178 l.
534 2113 607 2204 lp.
630 2114 771 2194 sas-98,
806 2134 889 2202 quae
916 2113 1052 2180 dicenda
1082 2115 1226 2198 luissent,
1369 2113 1376 2122 '

60 2229 300 2309 praeoccupata
322 2217 439 2286 cuncta
461 2228 544 2301 sunt,
568 2242 665 2309 quarn
687 2219 774 2309 quod
792 2217 988 2286 Meinekium
1009 2221 1112 2287 serius
1134 2223 1226 2288 ocius

61 2324 189 2395 confido
218 2335 377 2392 staturum
407 2348 479 2391 esse
509 2327 675 2414 promissis
708 2325 749 2391 ad
780 2325 906 2392 Oomm.
936 2325 1063 2416 Fragm.
1092 2325 1171 2396 Vols
1190 2327 1225 2410 ll,

61 2434 135 2522 2p.
158 2434 229 2497 793.

147 2535 322 2627 Reliquum
345 2546 393 2603 est
414 2546 450 2602 ut
478 2535 520 2602 ad
540 2546 653 2626 poetas
679 2535 852 2602 nonnullos
874 2536 1121 2606 subillustriores
1143 2563 1225 2630 pau-

63 2642 164 2711 lulum
187 2643 335 2710 deflectat
362 2644 640 2709 commentationis
661 2644 841 2711 institutum
861 2645 936 2726 iter,
960 2644 1114 2711 Occidam
1143 2647 1225 2729 dico,

62 2749 296 2840 Lamproclem‚
319 2749 493 2829 Cinesiam‚
514 2747 758 2837 Hieronymum,
781 2749 1016 2837 Antigenidam,
1048 2752 1075 2815 si
1094 2751 1225 2841 quidem

58 2859 132 2947 jure
147 2855 199 2924 hic
213 2855 401 2921 melicorum
418 2855 509 2944 gregi
524 2854 801 2921 intennisccbitur.
834 2853 984 2943 Namque
1002 2855 1113 2921 Ionem
1132 2861 1225 2947 cujus

62 2964 92 3047 §.
114 2962 136 3027 5
156 2964 353 3028 mentionem
380 2961 457 3041 feci,
490 2960 729 3028 subillustn'oris
761 2961 865 3026 lamae
887 2959 1068 3026 hominibus
1087 2960 1224 3052 ademp-

61 3077 146 3149 tum,
179 3069 274 3134 valde
311 3066 529 3133 admirabilem
561 3077 692 3156 poetam
728 3064 951 3155 versatilisque
979 3068 1099 3154 ingenii
1130 3067 1225 3135 lucu-

61 3173 274 3240 lentissimum
309 3173 539 3239 documentum
572 3174 686 3238 merito
721 3171 923 3238 adumbravit
956 3171 1224 3241 Schneidewinus

61 3279 196 3347 Exercc.
230 3281 321 3346 Oritt.
345 3302 413 3368 cap.
437 3277 494 3360 XI,
515 3301 545 3367 p.
569 3279 619 3344 63.
670 3279 728 3345 His
753 3280 849 3367 igitur
879 3276 1112 3368 subsequentes
1144 3303 1224 3349 con-

61 3387 218 3453 cessimus
241 3384 470 3475 Epiphyllides.

630 3687 652 3754 Ι.

366 3814 428 3885 DE
458 3812 604 3888 CYDIA
639 3813 701 3886 ΕΤ
729 3813 916 3889 OECIDA.

147 4012 270 4102 Cydias
293 4015 437 4080 notitiam
459 4017 580 4105 primus
612 4015 694 4082 God.
716 4014 944 4103 Bernhardyus
974 4013 1224 4079 communicavit

53 4140 134 4189 ,eum
149 4118 359 4188 Buttmanno
389 4120 430 4187 ad
457 4119 539 4188 Plat.
568 4119 731 4189 Charinid.
754 4144 784 4210 p.
807 4121 867 4186 155
889 4119 937 4201 D;
972 4141 1069 4208 quem
1095 4129 1223 4209 praeter

38 4225 115 4290 ··clr.
139 4224 293 4295 Nicolaus
315 4224 455 4295 Buchius
479 4224 624 4295 Philotae
643 4229 755 4314 fragm.
774 4249 804 4314 p.
816 4227 888 4291 266.
923 4223 949 4290 F
951 4275 958 4289 .
982 4223 1222 4301 G.,Schneide·
