2798 4672
1149 256 1224 330 173
1301 242 1305 247 ’

61 441 174 533 Phryx
195 443 379 533 proditurus
401 439 443 505 sit
464 437 605 529 Cybeles
627 458 748 519 comes,
770 458 876 527 neque
897 437 1033 520 Naxius,
1054 437 1223 530 Nympha·
1254 493 1256 497 .

61 574 135 617 rum
172 549 337 628 alumnus,
375 569 481 637 neque
509 543 686 612 Thebanus
715 543 854 633 denique
887 543 1033 611 Semeles
1065 545 1224 636 Jovisque

61 656 143 724 filius
165 655 326 735 Bimator3
350 651 408 719 sed
431 651 679 741 antiquissimus,
700 660 737 716 ut
756 651 801 715 ita
818 649 935 727 dicam,
955 648 1121 740 Dionysus
1136 651 1223 718 sola-

61 762 114 845 ris,
137 765 229 852 cujus
253 761 383 850 quidem
404 759 503 839 notio,
523 755 599 823 licet
620 755 820 824 Graecormn
849 755 969 821 nemini
989 757 1114 845 ignota,
1136 757 1223 846 apud

62 867 206 934 Graecos
238 876 346 932 tamen
373 863 482 930 Italiae
508 861 630 928 incolas
664 871 818 952 tanquam
850 863 995 951 propria,
1029 885 1095 929 non
1123 863 1221 930 modo

62 995 217 1063 expressa
238 973 407 1062 purissime
429 969 488 1036 sed
511 970 607 1035 etiam
633 966 786 1034 fidissime
818 990 856 1035 ac
885 968 1061 1035 diutissime
1091 991 1222 1036 conser-

61 1090 137 1147 vata
166 1072 286 1162 est⁰⁵).
339 1075 450 1142 Teneo
480 1074 644 1166 equidem,
675 1082 828 1164 quantam
854 1073 1020 1141 Diodorus
1049 1075 1113 1142 Sic.
1136 1074 1158 1157 l,
1181 1077 1219 1140 ll

60 1183 254 1275 mythologis
286 1181 476 1274 conjiciendi
513 1203 642 1247 arenam
671 1181 870 1268 patefecerit,
902 1202 1009 1271 neque
1039 1181 1221 1248 Macrobius

62 1291 202 1375 (Saturn.
218 1288 240 1372 Ι,
256 1291 307 1374 18)
331 1289 479 1380 quotiens
508 1288 541 1352 in
571 1285 804 1352 diversissimas
836 1297 944 1376 partes
973 1287 1149 1354 advocatus
1172 1289 1222 1371 sit,

62 1398 192 1486 ignor03
227 1418 331 1486 eoque
361 1394 510 1461 libentius
539 1390 712 1458 Welckero
744 1391 834 1476 (adn.
857 1392 899 1459 ad
921 1394 1053 1483 Zoegae
1083 1394 1220 1461 disserit.

59 1503 176 1591 p.2l7,
191 1502 266 1586 221)
285 1503 369 1567 insto
390 1499 605 1590 praecedenti.
648 1499 739 1579 „Ich
758 1500 843 1586 pelte
863 1501 936 1567 hier
957 1501 1050 1568 nicht
1071 1499 1143 1588 auf
1160 1501 1221 1566 das

60 1629 125 1675 vor
144 1607 272 1673 Diodor
293 1607 451 1677 beriihrte
467 1607 592 1673 Thema
614 1607 676 1672 aira.
718 1606 835 1673 Helias
856 1608 929 1673 arrd
941 1605 1123 1695 Dionysos,
1148 1606 1223 1673 Osi-

59 1715 110 1780 ris
136 1713 207 1780 uod
226 1712 339 1779 Sirius
360 1707 577 1798 ἆσαροφάνης
602 1708 820 1797 cordesiana,
849 1713 1036 1800 Eumolpus
1062 1715 1134 1781 arrd
1155 1712 1222 1781 Or·

58 1820 169 1904 pheras
193 1818 331 1884 macheu
360 1820 455 1883 einen
481 1819 621 1904 Kpheorr
648 1839 735 1897 pus,
765 1820 907 1885 roelcher
934 1821 968 1885 iu
998 1821 1104 1886 eiham
1128 1821 1222 1907 Zuyc

56 1925 250 2012 petronissa
256 1971 270 2003 ,
300 1925 394 1989 einen
415 1920 518 2008 Kopf
535 1920 735 1988 schwindelrr
763 1918 902 1989 machera
923 1925 1036 1991 wiirde
1063 1928 1124 1993 der
1144 1927 1222 1992 rosit

59 2032 198 2098 stririrer
220 2032 311 2097 wrirc
338 2028 390 2093 als
420 2027 480 2093 der
504 2027 679 2111 meiniye.”
720 2025 837 2118 Neque
863 2030 1023 2118 profecto,
1057 2029 1144 2119 quod
1168 2027 1222 2096 hic

56 2138 216 2205 recusarit
236 2133 472 2220 Dionysiacum
493 2130 662 2220 poculum,
690 2153 751 2219 ego
778 2155 836 2222 pro
859 2133 942 2199 virili
960 2133 1087 2200 ebibere
1109 2135 1223 2219 ausim,

57 2253 202 2309 attamen
229 2239 338 2328 primis
368 2245 471 2318 certe,
497 2236 688 2325 propinante
716 2236 900 2323 Gerhardo,
929 2240 1070 2330 attigisse
1097 2239 1221 2308 labellis

56 2371 123 2415 non
146 2345 330 2437 poenitebit.
354 2374 357 2378 ·
375 2344 553 2431 Postquam
576 2343 661 2408 eninr
685 2343 823 2410 Casaub.
846 2345 887 2412 de
909 2344 964 2412 Gr.
982 2347 1016 2413 S.
1034 2346 1071 2412 P.
1091 2345 1113 2429 1,
1125 2369 1156 2436 p.
1169 2348 1222 2429 29,

57 2454 100 2519 56
127 2450 241 2518 Ramb.
275 2449 414 2539 paucula
446 2448 486 2515 de
514 2447 663 2535 Apolline
700 2449 816 2516 eodem
849 2461 946 2543 atque
974 2450 1091 2519 Libero
1130 2462 1221 2543 patre

58 2558 197 2638 monuit,
223 2557 345 2646 primus
368 2553 455 2646 quod
477 2555 578 2620 sciam
599 2557 707 2646 Zoe'ga
728 2556 769 2622 de
793 2555 1006 2646 Orphicorum
1028 2557 1089 2625 deo
1111 2560 1221 2649 primi-

59 2685 143 2753 geno
175 2661 356 2751 disputans,
386 2660 462 2726 inde
489 2683 508 2726 a
535 2683 566 2750 p.
582 2661 745 2739 217-21
775 2662 824 2730 ed.
855 2663 1017 2732 Welcker.
1050 2663 1152 2732 multa
1180 2664 1221 2732 de

58 2777 196 2859 utroque
217 2768 349 2833 numine
377 2764 534 2845 confudit,
564 2765 679 2832 deinde
701 2767 830 2834 brevius
860 2770 990 2858 quidem
1016 2770 1075 2838 sed
1108 2771 1221 2837 diluci-

58 2873 131 2939 dius
152 2873 274 2940 Bodius
305 2879 476 2939 comment
500 2869 541 2936 de
565 2868 664 2958 Orph.
683 2870 732 2952 ΙΠ,
747 2896 777 2961 p.
792 2873 855 2938 173
876 2898 923 2963 sq.
947 2873 1043 2961 (XL.)
1068 2886 1100 2943 et
1120 2875 1221 2944 Ulrici

57 2979 131 3045 hist.
159 3002 205 3068 gr.
233 2979 327 3046 Poes.
352 2977 445 3044 Tonr.
468 2974 504 3057 ll,
524 2998 555 3066 p.
578 2975 642 3040 372
676 2975 764 3042 idem
797 2980 946 3046 tractavit
978 2990 1220 3069 argumentum

64 3130 266 3146 m

96 3224 133 3293 ⁶⁶)
154 3222 198 3278 Cf.
216 3225 319 3278 Eckhei
335 3226 370 3278 D.
387 3225 422 3278 N.
434 3242 461 3292 p.
474 3227 525 3278 136
539 3242 580 3294 q.
615 3225 677 3279 Hirt
692 3224 833 3279 Archaeol.
852 3226 970 3281 Bilderb.
986 3229 1034 3296 hp
1055 3231 1098 3284 79.
1135 3231 1223 3282 Creu-

133 3328 180 3364 zer
197 3311 307 3377 Diooys.
327 3329 353 3379 p.
371 3313 423 3365 277
443 3327 483 3378 sq.
511 3312 544 3364 F.
563 3310 627 3364 Gaii
650 3311 820 3365 Becherches
843 3330 890 3366 sur
916 3316 942 3366 la
966 3320 1064 3368 nature
1086 3319 1123 3369 du
1147 3320 1222 3371 cutte

128 3399 163 3450 de
186 3399 309 3452 Bacchus
335 3414 370 3449 en
395 3396 484 3449 Grece
508 3398 583 3464 (Par.
602 3399 685 3465 1821)
708 3414 736 3465 p.
754 3399 816 3462 290,
834 3401 867 3452 91
888 3403 922 3453 cl.
940 3419 966 3470 p.
985 3404 1046 3456 253.
1087 3407 1222 3473 Perqusm

130 3484 183 3536 hoc
203 3484 310 3537 nomine
328 3483 500 3535 memorabile
524 3488 567 3534 est
586 3481 737 3551 Terpandri
754 3484 847 3536 Lesbii
870 3485 903 3539 fr.
921 3489 1067 3554 3Berg1n:
1094 3492 1222 3562 Τέρπαν-

131 3565 198 3638 δρός
220 3587 252 3638 γε
268 3566 326 3641 μὴν
345 3565 359 3620 ὁ
377 3570 498 3634 Λέσβιος
514 3563 632 3622 Naiadas
654 3569 727 3638 λέγει
749 3574 919 3638 residamus
943 3570 991 3630 τὸν
1014 3571 1155 3630 Διόνυσον
1172 3573 1222 3631 τὸν

130 3651 187 3710 ὑπό
205 3674 288 3711 τινων
309 3650 448 3722 Σαβάζιον
471 3649 679 3725 ὀνομαζομένων
703 3654 733 3707 ἐκ
752 3652 820 3716 Διὸς
840 3663 888 3712 καὶ
905 3658 1084 3736 Περσεφόνης
1105 3657 1222 3733 γενόμε-

129 3759 194 3807 νον,
220 3742 277 3795 εἶτα
304 3738 359 3793 ὑπὸ
380 3735 505 3796 Τιτάνων
523 3744 736 3814 σπαραχθέντα·
762 3744 863 3813 quippe
880 3749 953 3815 quod
970 3750 1072 3818 optime
1090 3765 1149 3814 uos,
1167 3764 1221 3815 quo

129 3829 298 3895 factumsit,
317 3829 445 3896 edoceat,
469 3830 543 3896 qnod
561 3828 756 3895 dithyrambuur
776 3849 856 3900 quem
875 3849 924 3887 nos
941 3834 970 3887 iu
987 3837 1088 3901 Magna
1105 3833 1222 3887 Graecis

131 3921 220 3968 ortum
246 3916 359 3968 dicimos
386 3916 508 3968 nonnulli
533 3915 686 3982 Phrygibus
710 3919 874 3985 peculiarem
901 3919 986 3972 fuisse
1011 3919 1222 3986 suspicarentur.

130 4001 204 4055 Jovis
227 4001 298 4054 enim
324 4017 359 4054 ex
375 4002 538 4071 Proserpina
563 4009 642 4056 natus
664 4002 816 4057 Siculorum
841 4010 883 4057 ert
900 4005 1063 4057 tauriformis
1077 4005 1222 4076 Dionysus,

131 4088 263 4142 Sabazios
290 4105 353 4141 vero
382 4089 517 4156 Phrygum
545 4089 676 4144 Bacchus.
702 4118 737 4130 -
760 4090 911 4143 Lobeckius
936 4091 1044 4158 quidem
1073 4091 1106 4143 de
1135 4099 1220 4146 morte

129 4176 228 4228 Bacchi
245 4191 334 4244 progr.
353 4193 380 4243 p.
399 4178 431 4228 ll
451 4176 595 4243 (Aglaoph.
606 4176 641 4228 T.
652 4177 673 4241 1,
685 4192 711 4243 p.
721 4177 795 4240 306).
832 4176 907 4241 „Sed
930 4181 1082 4245 postrema,
1106 4179 1160 4246 ait,
1186 4180 1220 4232 de

131 4277 181 4314 sua
198 4261 334 4315 addidisse
351 4259 479 4316 ridetur”
497 4263 673 4329 (camdus).
709 4263 821 4328 Vereor,
839 4266 869 4314 ut
886 4267 971 4317 recte.
