2798 4672
1164 258 1239 334 135

72 432 216 525 βοίλίετο
239 433 393 525 ίμοίτιον·
415 435 541 526 ἔγραψε
562 439 655 522 μέλη.
694 437 1024 529 Schweighaeuserus
1040 441 1081 508 ad
1097 441 1168 507 Ath.
1183 441 1238 524 lV,

73 537 102 634 p.
120 546 178 611 131
204 567 232 612 c.
254 547 383 635 scripsit
408 541 670 634 Ἀντιγενείδαν.
714 543 807 612 Dixit
837 546 877 612 de
903 544 952 611 his
977 548 1087 613 formis
1110 547 1236 615 Lobcc-

73 650 143 719 liius
155 649 293 741 Paralip.
310 648 451 718 Gramm.
463 650 486 733 l,
500 672 531 741 p.
545 653 575 718 5.
599 650 777 720 llleinekius
792 652 918 719 Comm.
929 650 1003 719 Vol.
1015 651 1063 735 lll,
1079 676 1110 743 p.-
1125 656 1196 735 186,
1206 656 1236 720 7.

72 757 203 824 Patrem
224 757 378 846 Satyrum
400 759 538 824 audiisse
560 769 689 848 praeter
704 747 839 825 Suidam
860 759 958 826 etiam
980 761 1090 824 testan'
1110 759 1236 826 videtu‘r

73 864 164 932 Theo
195 864 372 952 Progymn.
402 863 517 931 Graec.
540 866 582 946 V,
604 866 655 931 23.
713 860 846 951 Πύρρος
881 860 900 929 ὁ
932 864 999 928 τοῖν
1026 861 1235 952 Ἠπειρωτῶν

72 969 228 1052 βασιλεὺς
260 970 445 1053 ζητούντων
481 972 581 1035 τινοῖν
612 970 703 1054 παρὰ
734 967 855 1048 ιτότσν,
893 965 1050 1056 πρότερος
1080 969 1235 1057 κρείττων

71 1071 218 1154 αὐλητὴς
240 1071 472 1160 Ἀντιγενίδας
501 1073 523 1157 ἢ
549 1078 716 1163 Σάτυρος;
744 1079 838 1162 ’ἐμοί’
858 1081 920 1161 μὲν
950 1063 1021 1140 eina
1048 1077 1234 1167 στρατηγὸς

72 1183 330 1268 Πολυσπέρχων.
373 1183 426 1250 De
448 1185 565 1274 Satyro
589 1187 644 1252 clr.
667 1183 787 1251 Aehan.
801 1183 884 1265 Vm„
907 1181 954 1265 lll,
972 1183 1023 1248 33.
1045 1222 1090 1232 -
1109 1183 1233 1250 Finckh

72 1291 113 1357 ad
135 1288 259 1356 Theon.
282 1289 302 1355 l.
321 1288 340 1354 l.
362 1312 393 1379 p.
413 1290 456 1355 85
488 1292 626 1357 conlerri
650 1291 743 1382 jubet
769 1289 861 1356 Plut·
883 1289 996 1380 Pyrrh.
1017 1293 1047 1355 8.
1071 1288 1231 1380 Apophtlr.

72 1419 102 1486 p.
119 1396 178 1462 193
194 1392 229 1461 F.
273 1397 380 1484 Atque
395 1395 593 1487 Antigenidis
615 1396 678 1464 fitia
700 1396 786 1464 haud
806 1396 904 1463 dubie
921 1398 955 1462 in
973 1397 1025 1462 avi
1043 1398 1234 1463 memoriam

69 1503 190 1591 Satyra
207 1503 382 1567 nominata.
435 1501 470 1568 ln
493 1526 590 1594 quam
612 1512 646 1569 et
666 1524 811 1572 sororem
840 1505 996 1592 scriptum
1017 1512 1125 1570 exstat
1146 1501 1232 1569 Leo·

69 1609 165 1678 nidae
186 1607 352 1674 Tarentini
374 1608 572 1697 epigramma
595 1607 722 1675 Anthol.
746 1609 848 1676 Palat.
871 1610 912 1690 V,
935 1610 1007 1675 206.

186 1713 304 1793 ’Μηλιδ
329 1716 386 1778 καί
405 1712 542 1800 Σατδρη
570 1711 770 1794 τανυὴλικες,
788 1711 1039 1804 Ἀντιγενείδαν

140 1873 143 1877 .
252 1821 380 1896 παῖδες
402 1824 458 1883 ταὶ
483 1816 648 1886 Μουσέων
669 1819 798 1887 εὔκολοι
819 1820 996 1908 ἐργάτιδες,

68 1950 95 1955 ··
199 1927 305 2007 Μηλοί
328 1931 390 2010 μὲν
413 1921 570 2001 Μοίσαις
593 1926 789 2010 Πιμπληΐσι
810 1928 885 2003 τοὺς
908 1931 1103 2013 ταχνχειλεῖς
1175 1967 1204 1979 1-

264 2031 387 2109 αὐλοὺς
408 2034 465 2095 καί
487 2026 612 2110 ταύτην
633 2028 771 2112 πύξινον
791 2030 988 2114 αὐλοδόκην,

199 2139 219 2218 η’
241 2137 383 2226 φιλέρως
404 2133 540 2223 Σατίρη
563 2138 598 2201 δὲ
617 2136 677 2203 τὸν
699 2132 834 2225 ἕσπερον
858 2134 1083 2224 οἰνοποτὴριιν
1217 2172 1221 2185 =

266 2241 450 2328 σύγκωμον,
470 2242 558 2333 κηρῷ
579 2240 766 2332 ζενξαμένη,
789 2239 925 2325 δόνακα,

64 2378 95 2409 ..·
198 2349 282 2430 ι’γδύν
302 2349 496 2438 σαριστῆρα,
526 2349 588 2417 σὺν
609 2341 635 2441 ᾧ
656 2349 979 2442 σανειτόρφνισςὴοῖ-
1030 2344 1034 2351 ’

89 2456 93 2463 ’
198 2476 223 2511 θ
263 2453 409 2541 ἤυγασεν
436 2455 579 2534 αὐλείοις
602 2450 824 2545 συγκοτέοδσα
847 2457 984 2547 θύραις.
1072 2505 1075 2509 -
1132 2472 1136 2477 '
1193 2502 1197 2507 -
1221 2456 1225 2469 '

126 2600 129 2605 ·
153 2567 228 2630 lam
252 2587 330 2630 vero
360 2586 403 2629 ex
426 2562 568 2632 Theonis
595 2565 670 2632 loco
699 2560 776 2633 satis
808 2579 914 2658 patet,
943 2566 1169 2656 Antigenidam
1199 2556 1232 2632 cl

70 2667 224 2761 Satyrum
237 2668 391 2737 ‘tibicines
412 2667 707 2739 istos'coaetaneos
735 2666 833 2740 luisse
855 2673 979 2764 Pyrrho
1004 2662 1232 2762 et'tPolyspe'r·

70 2776 180 2844 chonti
200 2777 287 2843 unde
308 2772 443 2844 eflicitur
465 2801 521 2843 eos
543 2780 664 2845 vixisse
686 2781 771 2846 circa
794 2780 921 2870 Olymp.
940 2779 1058 2860 CXVI,
1079 2773 1146 2868 qua-
1163 2769 1230 2843 1³0³-

69 2883 305 2973 lysperchontis'
334 2879 435 2974 gloria
457 2885 598 2949 maxima
619 2886 687 2950 luit
730 2885 773 2950 At
792 2885 991 2952 Philoxenus
1017 2895 1128 2951 noster
1153 2876 1232 2951 obii't

63 2989 295 3079 -clymp.c,1.
340 2986 479 3056 Prorsus
501 2985 598 3080 igitur
619 2990 804 3058 incredibile
827 2999 878 3056 est
899 2990 1124 3079 Antigenidam
1145 3012 1231 3071 cum,
1317 3035 1319 3039 ,

72 3098 127 3188 qui
138 3095 309 3163 Philoxeni
329 3091 448 3163 tibicen
468 3096 675 3178 clarescebat,
696 3096 758 3163 hac
781 3105 887 3162 aetate
908 3095 1013 3162 adhuc
1033 3097 1117 3165 inter
1137 3096 1231 3162 vivos
1350 3132 1357 3143 =

20 3270 23 3275 ,
70 3203 179 3269 luisse.
229 3202 451 3270 Subodoratus
479 3211 529 3268 est
555 3200 675 3293 aliquid
706 3202 891 3295 hujusmodi
917 3201 1108 3292 Bergleinus
1130 3227 1160 3293 p.
1178 3202 1230 3283 36,

71 3309 139 3390 sed,
161 3333 260 3400 quum
283 3309 424 3376 Theonis
446 3307 556 3374 locum
578 3319 720 3375 autnon
742 3311 869 3375 noverit
892 3319 1033 3375 autnon
1053 3309 1231 3400 inspexerit

71 3414 185 3481 devius
210 3413 441 3506 aliquantulum
473 3413 640 3480 aberravit
674 3414 793 3482 ‚Hunc
816 3417 900 3482 enim
922 3415 1150 3506 Antigenidam·
1164 3412 1231 3482 Sa-

72 3520 134 3608 t'yri
156 3520 271 3604 fihum,
295 3523 447 3610 temporis
469 3521 550 3586 ratio
572 3518 659 3587 haud
679 3519 872 3612 refragatur,
895 3523 1115 3592 Alexandrum
1135 3522 1231 3590 tibiae

73 3637 170 3695 cantu
193 3629 234 3695 ad
256 3650 345 3695 arma
366 3628 527 3709 incitasse,
549 3650 637 3718 quae
653 3637 763 3695 narrat
782 3628 867 3696 Plut.
881 3630 969 3696 Orat.
991 3631 1030 3697 de
1050 3633 1122 3697 fort.
1139 3629 1230 3695 Alex.

71 3733 108 3816 ll,
129 3758 159 3824 p.
183 3735 256 3802 335.
307 3735 444 3816 Etenim¹
462 3733 647 3800 Alexander
669 3733 796 3824 Olymp.
821 3735 928 3805 CXIV
950 3762 968 3803 e
990 3740 1056 3804 vita
1083 3735 1229 3801 decessit.
1364 3808 1372 3825 Ι

72 3843 217 3932 Apparet
237 3842 333 3932 igitur
354 3841 581 3932 Antigenidam
602 3840 711 3930 Satyri
737 3841 813 3908 nihil
835 3840 876 3909 ad
897 3841 1112 3909 Philoxenum
1133 3840 1231 3930 perti-

72 3971 161 4031 nere,
184 3959 280 4040 atque
303 3948 437 4027 Suidam
457 3949 491 4014 in
512 3948 612 4037 patris
633 3949 763 4014 nomine
785 3950 901 4016 erroris
923 3972 996 4015 esse
1018 3947 1230 4013 manifestum.

71 4055 232 4122 Diversus
255 4053 294 4121 ab
317 4052 508 4144 Antigenida
529 4054 638 4143 Satyri
659 4064 771 4142 gnato,
794 4055 853 4120 luit
872 4053 1020 4143 Dionysii
1039 4051 1136 4134 lilius,
1165 4075 1229 4142 quo

73 4160 114 4229 de
137 4163 191 4229 clr.
214 4160 328 4250 Lysias
351 4183 402 4249 ap.
417 4159 662 4249 Harpocration.
675 4183 706 4249 p.
718 4159 762 4225 43
784 4168 816 4224 et
837 4157 1073 4227 Grammaticus
1093 4157 1232 4226 Bckkeri

73 4267 216 4337 Anecdd.
239 4289 269 4357 p.
280 4267 352 4334 410.
379 4261 608 4354 Ἀντιγενίδας
628 4259 842 4345 ἐνδοξότατος
864 4267 973 4349 γέγονε
997 4263 1140 4347 αὐλητής
1161 4265 1232 4342 vioe
