2798 4666
181 221 259 297 208

134 372 137 393 ¹
179 415 288 471 tamen
307 403 348 471 ad
363 400 578 484 diffidendum,
596 403 694 493 quein
713 399 910 471 credendum
922 402 1115 492 propensior
1128 424 1212 472 erm
1257 405 1348 479 Nam

178 518 308 599 praeter
328 508 433 576 Horas
456 506 686 597 Dionysiades,
714 528 849 597 quarum
871 508 986 575 sinon
1006 512 1129 577 mentio
1151 512 1344 603 saepissime

179 617 297 707 injecta
318 625 419 698 esset,
450 613 624 682 admodum
645 612 737 679 nobis
758 614 866 679 nrirari
891 612 1005 682 liceret
1023 614 1195 685 Briareum
1217 626 1344 689 humen

180 731 213 788 et
234 720 455 811 Hephaestum
477 720 722 791 commemorari
742 720 882 787 memini.
932 721 981 787 Ac
1002 719 1127 789 Briarei
1149 722 1285 813 quidem
1302 726 1341 795 eh

178 826 255 894 lone
277 827 358 895 Chio
381 830 418 894 fr.
438 828 459 894 5
481 824 631 893 Nieberd.
660 824 780 892 mentio
811 826 950 916 injicitur
976 820 1053 891 ’loo
1078 826 1116 899 δέ
1147 850 1257 914 φησιν
1286 828 1346 897 ede

177 934 351 1020 Bpeape'orr
372 935 407 999 ἐκ
426 934 489 998 τοῦ
508 926 669 1016 πελάγους
688 932 958 1016 παρακληθέντα·
983 927 1049 997 ὑπὸ
1074 931 1214 1014 Θέτιδος
1239 932 1344 1023 deap-

178 1041 289 1120 θῆναι
318 1036 510 1127 φυλάξοντα
537 1036 598 1102 τὸν
623 1034 703 1116 Διά,
739 1033 923 1118 Θαλάσσης
949 1034 1031 1109 ὄντα
1063 1040 1181 1107 recide.
1225 1042 1345 1135 Neque

179 1170 237 1214 cur
256 1149 357 1236 ipsius
379 1145 641 1213 commemoratio
664 1144 748 1210 facte
768 1145 811 1212 sit
838 1143 1052 1236 explicatione
1073 1157 1171 1215 caret
1214 1147 1344 1233 Etenim

178 1276 278 1320 verno
305 1251 361 1319 illo
394 1261 557 1341 tempore,
589 1252 642 1318 cui
669 1260 816 1316 veterum
845 1249 1046 1323 Graecorum
1075 1254 1183 1343 opinio
1215 1253 1343 1345 hrlgurn

182 1360 274 1451 quasi
293 1380 385 1425 sacra
413 1367 446 1424 et
476 1358 605 1448 propria
636 1355 814 1438 addiceret,
843 1355 1047 1440 (Welckerue
1073 1356 1191 1439 Aesch.
1221 1359 1342 1451 Trilog.

179 1489 210 1556 p.
236 1467 309 1549 154)
343 1486 387 1530 ex
418 1463 502 1530 Ionis
535 1460 662 1531 fictione
692 1462 790 1531 etiam
823 1460 976 1537 Briareus
1006 1464 1138 1555 Aegeo,
1163 1464 1343 1535 :Thalem

179 1572 278 1655 filius,
306 1571 328 1637 i.
352 1594 379 1637 e.
411 1570 571 1636 terrestris
600 1568 717 1635 humor
742 1568 776 1633 in
807 1564 936 1634 eoelum
966 1570 1144 1638 conductus
1173 1570 1342 1661 a'letlrye

179 1680 319 1761 marina,
350 1679 448 1766 inque
479 1675 599 1749 nubem
634 1681 868 1755 commutatus,
897 1674 977 1741 Jovi-
1000 1675 1155 1759 accubat,
1187 1699 1340 1768 supremo

179 1785 366 1853 coelestium
387 1784 557 1872 regionum
577 1781 717 1862 numini,
742 1781 950 1869 ignipotenti‚
979 1783 1031 1848 cui
1043 1780 1187 1872 -fulgura-
1203 1790 1239 1851 et
1258 1784 1341 1853 nni·

179 1903 265 1972 trun,
293 1897 500 1979 tempestates
521 1886 705 1977 imbresque
728 1884 957 1976 obsequuntur.
1000 1886 1123 1955 Aether
1144 1888 1233 1961 enirn
1253 1912 1341 1959 sene-

177 2020 254 2079 nus,
276 2018 372 2086 quern
393 1995 512 2063 Jovem
534 2016 607 2060 esse
625 1996 790 2084 jusserunt
811 2000 953 2074 veteres,
975 1994 1037 2059 nisi
1059 2018 1079 2061 a
1100 2004 1206 2063 terrae
1227 1996 1340 2065 marie·

178 2125 242 2194 que
263 2099 436 2191 vaporibus
458 2108 644 2167 contractae
664 2097 769 2164 nubes
789 2097 922 2181 fuerint,
953 2098 1087 2169 fulmins
1108 2104 1266 2192 spargere
1282 2110 1341 2173 nul

177 2230 291 2299 parare
313 2207 452 2272 tonitrua
472 2207 583 2273 nescit.
627 2204 777 2271 Fortasse
807 2205 860 2272 hic
881 2203 965 2275 Ionis
986 2198 1208 2296 dithyrambus
1231 2206 1339 2297 eydiir

178 2313 425 2382 Corinthiorum·
438 2312 542 2379 choris
566 2311 765 2401 compositus
787 2311 855 2394 fuit,
874 2334 950 2379 cum
970 2322 1099 2381 vetuste
1114 2323 1202 2381 esset
1223 2315 1339 2405 (ludn-

176 2420 316 2489 thiorum
343 2417 465 2500 lahula,
498 2418 667 2485 Briareum
695 2415 868 2507 aliquando
900 2416 1054 2485 arbitrum
1087 2417 1227 2487 electum
1251 2418 1339 2489 Solis

177 2527 218 2593 de
240 2525 358 2592 Isthmo
382 2547 456 2590 cum
478 2523 630 2613 Neptuno
652 2522 741 2589 litem
766 2525 800 2589 in
827 2523 942 2613 prioris
971 2525 1108 2614 gratiam
1134 2524 1339 2617 dijudloeenn

175 2631 271 2698 Paus.
294 2629 329 2711 II,
353 2632 381 2712 l,
406 2631 454 2696 16.
475 2667 521 2679 -
541 2630 762 2718 Wagnerus
784 2629 916 2718 quidem
937 2630 1233 2701 nerem-consen
1249 2654 1336 2719 spec.

176 2740 209 2818 I,
231 2762 263 2824 p.
285 2743 343 2803 26.
366 2743 423 2803 27.
448 2736 616 2822 (Darmet.
639 2738 745 2818 1824)
775 2758 834 2801 cur
861 2736 1014 2803 Briareus
1047 2738 1248 2805 centimanus
1275 2736 1336 2807 litis

175 2845 292 2911 arbiter
318 2845 515 2925 nominetur,
544 2839 672 2911 difficile
701 2838 864 2930 explicatu
890 2853 1016 2913 censet:
1042 2844 1180 2926 „nescio
1210 2844 1269 2927 ait,
1298 2866 1337 2909 an

174 2951 311 3041 gigantis
334 2970 474 3040 persona
495 2947 623 3015 labores
644 2946 824 3014 incolarum
844 2948 1021 3016 immensos
1043 2949 1201 3039 designet,
1231 2950 1336 3041 quiin

175 3066 259 3124 terra
280 3078 400 3146 aggere
421 3054 593 3121 munienda
615 3075 776 3119 summam
796 3065 976 3142 posuerunt
995 3060 1155 3147 operem,”
1178 3076 1245 3147 que
1261 3076 1336 3127 eon·

170 3167 297 3253 jectura
323 3163 380 3228 vix
405 3159 563 3227 infelicius
593 3159 769 3249 excogitari
799 3160 973 3250 quidquam
1000 3170 1117 3252 potest
1159 3162 1211 3231 Ae
1238 3162 1335 3233 neit)

173 3291 209 3333 re
237 3267 471 3356 simphcissima
501 3266 638 3334 multum
670 3265 830 3356 litigemus
858 3265 946 3333 haud
978 3268 1072 3335 dubie
1100 3268 1160 3334 toti
1192 3266 1271 3335 huic
1298 3266 1335 3335 de

173 3371 228 3438 lite
257 3371 342 3437 Solis
376 3395 450 3438 cum
476 3373 628 3464 Neptuno
662 3373 806 3458 fabulae,
839 3374 948 3441 Isthmi
982 3374 1150 3463 angustiae
1180 3373 1335 3443 dederunt

173 3478 345 3568 originem,
376 3500 458 3567 quae
486 3500 560 3545 cum
595 3489 702 3546 tantae
730 3489 851 3565 essent,
886 3490 923 3546 ut
952 3480 1054 3545 serius
1075 3480 1165 3545 ocius
1193 3478 1334 3573 Neptuni

171 3582 320 3653 fluctibus
341 3581 531 3651 inundatum
554 3584 768 3676 obrutumque
789 3586 828 3657 iri
848 3586 1042 3669 viderentur,
1063 3578 1246 3653 verendum
1260 3592 1333 3665 erat,

170 3690 309 3760 Isthmus
331 3687 457 3757 abhoc
479 3690 686 3779 rapacissimo
709 3691 856 3763 Deorum
875 3713 1031 3780 superum
1052 3690 1230 3763 devoratus
1250 3690 1333 3761 Solis

172 3796 273 3863 oculis
295 3795 457 3885 radiisque
479 3795 707 3883 surriperetur3
736 3798 823 3887 quod
843 3797 901 3865 uhi
920 3795 975 3864 vel
994 3794 1115 3863 multos
1135 3807 1213 3888 post
1233 3818 1333 3865 annos

171 3903 292 3968 lactum
314 3924 387 3968 esse
407 3923 473 3968 non
495 3900 656 3981 viderent,
684 3901 845 3970 linxerunt
866 3901 978 3970 Solem
1001 3904 1033 3969 in
1062 3904 1240 3969 certamine
1261 3924 1334 3969 eum

170 4006 324 4095 Neptuno
345 4008 471 4074 vicisse.
515 4006 586 4075 Nec
609 4008 791 4097 excogitata
818 4006 920 4077 semel
947 4008 1189 4077 controversiae
1209 4000 1335 4089 labella,

172 4111 213 4179 de
231 4110 341 4201 judice
362 4114 417 4181 diu
439 4114 580 4181 arbitrati
602 4113 809 4204 cogitandum
831 4137 921 4199 esse,
951 4114 1118 4183 Briareum
1137 4112 1335 4203 indmserunt

170 4214 233 4285 hoe
274 4214 378 4283 officio
409 4218 616 4303 instructum,
655 4220 774 4312 quippe
808 4221 863 4311 qui
899 4228 1015 4289 nauare
1047 4242 1108 4291 sue
1140 4221 1263 4311 pariter
1295 4219 1335 4287 ad
