2798 4672
255 415 297 478 A.
324 412 381 501 ἐμοὶ
408 414 443 478 δὲ
466 411 524 477 τὸν
546 409 807 498 νὶγγραντατόν
829 407 1038 495 σοᾳιὶτατον.

256 518 300 586 B.
332 518 381 596 τίς
404 516 436 583 δ’
461 514 542 585 ἔσθ’
567 515 585 583 ὁ
606 517 760 608 μίμμραςς
784 521 825 586 A.
856 518 972 583 καινὸν
986 508 1147 603 ἐξεύρημά
1164 535 1205 578 τι.

256 623 425 713 ἡμέτερον,
446 621 468 690 δ’
489 624 624 713 decerpo]
641 630 703 708 μὲν
725 621 934 692 οὐδεπώποτε

260 731 373 813 ἔδειξ’·
397 730 588 821 Ἀθήνῃσιν
609 731 644 796 δὲ
665 735 948 819 κατακεχρημένον

258 838 293 902 ἐν
312 837 512 925 συμποσίοις
534 833 610 918 ήδη’
635 838 678 913 ςί.
720 839 763 903 B.
795 838 850 903 διὰ
873 837 906 902 τι’
928 832 961 900 δ’
986 830 1046 901 οὐκ
1066 829 1157 915 ἄγεις

257 940 304 1022 εἰς
329 945 387 1010 τὸν
408 943 506 1032 ὄχλον
528 941 631 1026 αὐτός
662 947 706 1011 A.
737 940 823 1010 διότι
845 943 955 1034 φυλὴν
982 942 1144 1030 περιμένω

258 1048 393 1139 σφόδρα
417 1051 671 1137 φιλονεικοῦσαν
693 1052 803 1136 λαχεῖν
824 1046 905 1115 τιν’·
938 1036 1015 1114 οἶδα
1037 1042 1099 1136 γάρ

258 1149 312 1222 ὅτι
333 1159 440 1223 ταῦτα
463 1153 633 1245 πράγματ’
658 1155 911 1246 ἀνατριαινώσει
933 1151 1058 1244 κρότος

152 1259 311 1330 Exstabat
332 1264 383 1330 hic
412 1264 537 1331 locus
529 1290 561 1331 1n
584 1264 791 1357 Amphidisf
776 1263 883 1330 fabula
905 1259 1145 1385 Διθύραμβος
1152 1256 1318 1367 inscripta.

152 1364 207 1432 De
236 1352 320 1459 ipso
338 1392 416 1437 vero
451 1350 680 1461 ditli'yrambico
705 1346 895 1438 certamine
928 1360 1111 1436 sermodem
1122 1334 1319 1449 den,

153 1495 277 1549 novum
298 1494 345 1543 se·
352 1478 530 1568 gingr'atrtis
551 1479 721 1553 inventum
742 1474 908 1567 adaptare
921 1476 1018 1565 atque
1031 1467 1319 1563 populdiltihltm

153 1577 187 1643 in
209 1580 333 1647 theatro
355 1593 516 1649 ostentare
539 1584 622 1650 velle
645 1583 842 1650 confitetur
834 1607 872 1664 rs,
896 1583 949 1673 qui
971 1580 1051 1646 alter
1066 1577 1319 1668 colloquentium

152 1683 374 1766 introducitur,
402 1711 444 1754 ex
466 1692 772 1756 commemoratione
795 1689 894 1754 tribus
917 1697 1028 1777 patere
1049 1685 1183 1751 videtur.
1224 1679 1320 1749 Ἑκά-

156 1809 219 1868 σῐη
240 1789 303 1877 γὰρ
325 1790 413 1879 φυλή
444 1799 491 1878 (ut
512 1797 555 1861 ait
577 1795 685 1862 Schol
709 1797 761 1885 Αττ
783 1796 864 1861 Avv.
889 1794 983 1883 loto)
1012 1785 1176 1859 Aeeteos
1206 1792 1320 1879 τρέφει

156 1895 469 1985 ὂιθοραμβοιιοιόν,
502 1902 587 1968 unde
616 1901 796 1970 Cinesias
788 1925 821 1967 ur
844 1869 1106 1988 Aristophanisl.
1128 1897 1149 1963 l
1171 1894 1255 1965 haec
1278 1897 1319 1965 de

156 2024 193 2069 se
205 2005 392 2092 praedicare
405 2011 524 2098 potuit:
545 2003 583 2085 ὂς
605 2012 697 2075 ταῖσι
718 2010 839 2095 φιλ-αις
858 2027 1078 2092 ιιιριμαχητος
1099 1998 1153 2089 εἰμ
1156 2000 1320 2070 ’ἄελ-

156 2107 291 2177 Praeter
311 2114 403 2179 tibias
426 2125 534 2181 autem
555 2118 588 2181 in
611 2116 720 2206 eycliis
743 2114 846 2181 chon‘s
870 2115 966 2179 etiam
981 2109 1121 2178 citharae
1137 2131 1232 2176 usum
1250 2112 1321 2201 jam

158 2236 228 2306 cap.
231 2218 281 2299 .,V
297 2221 355 2305 §.
338 2244 360 2286 ο
382 2231 494 2287 eontra
515 2222 678 2289 Welekeri
705 2219 983 2312 disputationem
973 2235 1014 2284 m
1032 2217 1113 2283 dnn.
1126 2214 1234 2351 instit
1258 2204 1321 2282 Rr-

159 2321 282 2390 chaeol.
303 2328 412 2412 (1829)
435 2329 541 2416 pact
567 2330 715 2399 defendi
865 2324 871 2343 ⁸
990 2340 993 2345 '
1111 2358 1114 2367 ·
1141 2342 1155 2361 ¹
1239 2358 1243 2363 ·

162 2462 166 2470 ·
244 2430 372 2521 Neque
393 2435 610 2523 spernendum
642 2435 821 2500 sententiae
846 2430 939 2499 meae
971 2429 1187 2521 praesidium
1199 2436 1252 2495 est
1279 2426 1323 2511 id,

161 2537 247 2625 quod
279 2561 320 2609 ne
351 2538 573 2627 dithyrambici
600 2540 730 2645 quidem
766 2550 881 2629 poetae
912 2560 1028 2604 omnes
1052 2534 1180 2609 tibiam
1188 2534 1280 2623 pari·
1275 2532 1322 2599 iu

159 2639 282 2719 honore
302 2640 465 2725 haberent,
487 2646 630 2735 tantique
653 2647 873 2727 aestimarent,
903 2640 1001 2736 ipuam
1023 2640 1191 2722 citharam,
1209 2641 1325 2707 'itaut

160 2769 227 2813 non
249 2748 407 2816 absonum
428 2750 589 2834 videatur,
621 2749 704 2818 inter
734 2750 895 2841 duplicem
921 2753 989 2818 lere
1015 2742 1324 2837 dithyrambicorum

161 2852 306 2920 scholam
335 2858 579 2940 internoscere.
600 2858 732 2925 alteram
760 2852 910 2943 Doriam,
941 2876 1089 2948 quaeque
1116 2852 1157 2921 ab
1186 2846 1229 2920 ea
1245 2874 1325 2942 pro·

162 2960 247 3027 lecta
281 2963 429 3047 traditur,
463 2966 722 3055 Phrynnideam‚¹
752 2964 886 3032 alteram
920 2950 1219 3051 lilelanippid't'amp
1233 2956 1326 3025 illam

163 3065 332 3134 fidicinam.
347 3071 628 3153 celeberrimorum
649 3074 744 3162 copia
761 3064 984 3141 abundantem
999 3090 1038 3135 ac
1059 3060 1215 3148 nobilem,
1242 3062 1327 3131 alte-

163 3195 233 3239 ram
253 3180 494 3265 spectatissimis
516 3179 694 3246 tibicinibus
717 3200 824 3268 aeque
840 3176 1008 3267 insignem.
1030 3210 1074 3223 -·
1095 3173 1200 3263 Atque
1215 3167 1328 3239 terete

162 3279 312 3347 tibiarum
330 3282 438 3350 lusum
460 3305 558 3353 nemo
573 3280 751 3378 majoribus
773 3283 919 3349 laudibus
939 3281 1116 3363 adornavit,
1133 3296 1236 3368 -quam
1254 3276 1328 3345 Το-

162 3383 260 3452 lastes
282 3389 440 3457 Athenaei
454 3388 589 3500 XIV,p.
602 3391 720 3458 omtoB
744 3390 913 3517 Κομιμῶς
923 3388 959 3453 ot
981 3383 1044 3453 κάν
1065 3389 1111 3474 τῷ
1128 3378 1330 3473 Ἀοιιλητιιιρ

165 3487 194 3555 ὁ
211 3495 355 3605 ’λἐλέςης
370 3493 542 3577 ἐδήλωσε
538 3502 619 3578 τὴν
624 3496 689 3562 τὀιν
711 3486 833 3562 aiteio
839 3494 963 3582 χρείαν,
985 3484 1021 3560 ti
1040 3491 1208 3568 τούτων·
1265 3510 1280 3539 -'

287 3599 342 3668 H
361 3602 478 3691 Φρύγα
500 3603 714 3671 καλλιπνόων
730 3601 850 3673 attor
864 3603 960 3692 ὶεριιν
986 3598 1134 3727 βασιλῆα
1179 3624 1184 3635 ·
1221 3620 1225 3629 ·
1268 3656 1271 3667 ,
1304 3632 1311 3647 ·

292 3706 452 3779 Aoddv‘
430 3734 467 3789 ος
488 3705 612 3835 ἅρμοοε
634 3714 762 3799 πρῶτος·
1104 3742 1107 3747 ·
1167 3740 1172 3751 ·
1242 3728 1245 3735 ·

293 3815 479 3905 Δωρίδος’
459 3817 597 3886 aetina)
596 3842 644 3885 ον
669 3815 810 3896 Μούσας
832 3815 936 3905 νόμον
966 3809 1121 3882 αἴολον’
1102 3810 1200 3901 ομφᾶ

268 3922 496 4015 Πνεύματος
517 3922 675 4017 εὔπτερον
695 3922 804 4013 αὔραν
1183 3936 1238 3991 “.

165 4114 174 4127 μ
286 4026 522 4129 Ἀμφιαλέκοιν
541 4017 705 4125 καλάμοις
799 4079 1070 4099 ······
1188 4024 1191 4031 ¹
1224 4020 1227 4027 ¹

166 4140 214 4207 Ac
228 4137 356 4209 Lasurn
386 4167 515 4234 quoque
536 4142 803 4217 Hermionensem
829 4132 942 4203 ανλιῖν
969 4128 1168 4221 ιιολνφοινία
1194 4130 1334 4221 abipso

166 4246 305 4335 primum
331 4248 475 4331 inducta,
509 4251 586 4317 satis
618 4249 766 4317 tibiarum
800 4245 959 4311 lautorcm
987 4240 1137 4327 declarat.
1169 4235 1268 4323 (Plus
1291 4234 1336 4304 de
