2798 4666
125 236 173 308 72

124 423 232 481 vestra
254 438 353 506 opero
375 421 580 506 corrumpo.”
621 412 750 480 Laudes
782 418 851 506 ejus
881 414 1141 509 eelebrotetiam
1163 414 1285 483 Aetion.

124 521 165 588 H.
181 524 219 588 A.
236 521 271 606 Π,
289 525 343 589 ll:
366 517 510 608 Adpone
532 522 593 606 μὲν
614 505 675 585 oto
695 522 753 586 καὶ
768 520 974 610 Σκίνθαρον
993 516 1287 611 καλΑριστόξενου

122 629 181 694 καὶ
211 625 394 717 Ξενόφιλον
424 629 482 692 καί
514 621 706 709 Φιλόξενον·
727 629 786 693 καί
814 623 946 705 ἄλλους’
966 626 1097 693 ἐπαΐειν
1124 630 1287 716 μουσικῆς

123 730 285 800 κάλλιστα
307 737 365 802 καί
379 734 429 800 -ἐν
449 726 575 824 ὀλίγοις
594 728 822 816 -ἐξετείζεοθαε
843 731 940 815 τήνδε
956 732 1174 823 -τδνδσφίαν
1195 737 1287 803 θαυ-

123 839 256 926 μαστόν
277 847 339 928 μὲν
367 838 528 910 ἄπλυτον
538 841 576 906 δὲ.
600 843 658 907 ’καί
679 835 1122 930 παριίλογονόδδαμείς.’·-’-
1142 841 1286 911 Alexan·

124 948 205 1014 drini
233 948 371 1040 denique
399 947 569 1038 Philologi'
588 950 621 1015 in
647 964 807 1015 cononem
837 956 1030 1039 receperunt
1059 948 1285 1019 Philoxenum.

123 1090 166 1100 -
186 1055 238 1120 Jo.
262 1054 399 1122 Tretzes
421 1053 512 1122 stich.
535 1055 609 1142 περὶ
631 1051 806 1143 διαφόρων
820 1054 974 1134 ποιητῶν
1002 1055 1131 1147 truso.

328 1157 510 1243 Φιλόξενον
532 1159 568 1225 δὲ
590 1157 651 1225 τόν
673 1156 853 1248 Κυθήριον
873 1162 944 1246 λέγι
988 1190 991 1195 ·

325 1268 391 1332 τοῖν
410 1262 636 1356 διθυράμβων
656 1263 791 1354 εὑρέτην
811 1260 1089 1359 συγγραμμάτιον.

125 1372 179 1454 (ei.
198 1371 355 1440 Duebner
375 1372 479 1442 Rhen.
502 1362 584 1441 Mus
609 1373 700 1440 1835.
724 1396 755 1463 p.
772 1373 845 1440 393.
877 1373 1013 1441 Cramer
1033 1370 1156 1441 Auecd.
1179 1372 1283 1440 Oxou.

123 1476 173 1560 111,
185 1502 215 1569 p.
228 1480 301 1548 334.
333 1479 470 1547 Meinek.
494 1481 589 1548 Gom.
611 1478 668 1547 Gr.
686 1478 739 1562 Fr,
755 1478 793 1547 T.
804 1479 841 1563 11,
851 1502 882 1570 p.
897 1466 1011 1564 1245.)Ι
1044 1478 1184 1547 Tsetzes
1199 1478 1283 1547 Prot

124 1585 166 1651 ud
183 1574 344 1677 Lycophr.
363 1588 475 1683 p·.·252
494 1585 555 1672 (ed.
572 1576 729 1671 Mueller).
773 1586 879 1654 Tanto
902 1586 999 1676 igitur
1020 1585 1106 1677 apud
1127 1596 1283 1676 suppares

124 1699 164 1757 et¹
176 1700 323 1781 posteros
345 1678 519 1760 inhonore
540 1689 739 1759 Philoxenus
759 1693 827 1776 fuit,
849 1714 888 1759 ae
901 1690 977 1758 licet
993 1713 1099 1782 neque
1119 1692 1284 1776 defuerint,

121 1798 205 1864 inter
226 1803 419 1882 severiores,
449 1798 678 1890 rigidioresque
696 1808 810 1888 poetas
834 1799 992 1881 comicos,
1016 1797 1071 1888 qui
1093 1796 1283 1888 depravato·

123 1923 193 1970 rem
216 1928 290 1973 eum
313 1912 351 1974 a'e
368 1894 511 1974 'musices
542 1913 764 1995 corruptorem
793 1904 880 1972 haud
908 1926 1003 1972 secus
1029 1924 1068 1972 uc
1094 1900 1283 1994 Melanippi-

123 2009 208 2093 dem,
223 2012 439 2097 Timotheum,
457 2011 628 2102 Polyidum
643 2009 694 2078 all.
714 2020 937 2104 coarguerent,
958 2020 1067 2078 tomen
1081 2030 1144 2102 quo
1158 2010 1283 2100 majore

123 2118 278 2187 adversus
301 2124 386 2187 eum'
403 2106 606 2187 vehementia
628 2115 789 2185 calamum
813 2117 1006 2208 stringerent
1033 2139 1073 2191 eo
1105 2114 1284 2205 digniorem

122 2231 235 2291 tenue*
253 2227 498 2292 ooneertotionis
521 2225 741 2291 adversarium
762 2224 860 2290 [uisse
876 2225 937 2314 ipsi
950 2222 1037 2291 haud
1053 2222 1192 2290 obscure
1209 2242 1283 2313 pro·

123 2316 279 2397 diderunt.
322 2333 427 2420 Atque
448 2333 481 2396 in
504 2330 627 2396 musica
657 2337 724 2394 arte
747 2352 844 2420 quam
867 2329 976 2397 audax
998 2327 1156 2398 exstiterit
1183 2348 1283 2395 nurn-

122 2444 189 2517 tor,
217 2443 255 2501 ut
280 2436 404 2524 priores
434 2457 564 2515 omnes,
592 2435 651 2524 qui
680 2437 860 2524 ogenuina
889 2446 987 2528 atque
1016 2456 1133 2502 severo
1163 2433 1284 2501 musico

123 2539 330 2607 deflectentes
353 2543 551 2609 'comicorum
575 2540 670 2607 bilem
691 2552 875 2624 moverant,
904 2544 980 2634 quin
1010 2544 1107 2612 etiam
1129 2536 1283 2630 Melanip·

121 2646 230 2735 pidem
261 2655 506 2737 praeceptorem
532 2669 627 2713 suum
655 2646 748 2714 facile
776 2671 947 2738 superasse
973 2650 1062 2715 visus
1090 2646 1148 2727 sit,
1178 2642 1283 2713 multis

121 2751 285 2820 Plutur'ehi
310 2751 390 2820 loeis
417 2754 582 2820 evincitur.
632 2750 717 2820 Plut.
741 2754 781 2820 de
803 2754 916 2821 Music.
931 2752 1000 2821 XII.
1026 2751 1153 2841 Κρίξος
1175 2750 1214 2817 dt
1226 2748 1283 2818 -ιισί

125 2852 304 2941 Φιλόξενος
324 2861 381 2925 καὶ
402 2859 573 2946 Τιμόθεος
593 2861 652 2924 καὶ
672 2860 706 2925 οί
726 2856 798 2926 κατ’
825 2857 933 2941 αὐτὴν
953 2860 1017 2941 νῆν
1037 2858 1174 2941 ἡλικίαν
1193 2878 1282 2951 γεγο-

121 2961 214 3044 νότες
240 2969 378 3048 ποιηταί
400 2968 632 3056 φορτικωτέροι
653 2970 709 3037 καὶ
732 2963 920 3056 φιλόκαινοι
941 2964 1114 3055 γεγόνασι,
1139 2962 1204 3031 τόν
1228 2986 1283 3053 φο-

120 3067 326 3160 λοίνθρωπον
340 3075 398 3140 καὶ
408 3071 596 3160 θεματικὸν
611 3074 671 3139 νόν
691 3069 937 3160 ὀνομαζόμενον
955 3071 1080 3164 τρόπον
1097 3067 1282 3155 decidamu-

121 3287 283 3367 μουσικῆς
304 3289 471 3365 παντελῶς
491 3284 653 3376 ἀρχαϊκὴν
679 3273 765 3352 εἶναι
780 3287 998 3374 συμβέβηκεν
1039 3288 1126 3357 Plut
1143 3286 1186 3353 de
1202 3285 1281 3355 Mus.

119 3388 247 3473 XXIX,
273 3391 387 3460 XXX.
429 3389 572 3480 ’Ὁμοίως
605 3392 641 3458 δὲ
673 3395 730 3459 καί
765 3392 1024 3475 Μελανιππίδης
1055 3390 1076 3460 δ
1107 3389 1282 3479 μελοπδιός

120 3492 348 3583 ἐπιγενόμενος
368 3495 428 3565 οίαι
448 3501 589 3588 ἐνέμεινε
610 3496 653 3590 τῇ
666 3497 1193 3593 αρυόπαρχοόσμ·μονσικῇ,.είλλ’
1206 3494 1281 3568 odor

123 3600 302 3688 Φιλόξενος
323 3603 399 3672 οὐδὲ
424 3604 605 3693 Τιμόθεος.
633 3608 672 3674 cf.
694 3608 828 3675 Burette
850 3609 946 3676 Mem.
970 3608 1011 3675 de
1031 3605 1153 3675 l’Acud.
1177 3606 1216 3675 Τ.
1238 3600 1282 3687 X,

119 3715 239 3803 p.207.
271 3715 356 3782 Plut.
389 3712 429 3782 de
457 3714 571 3781 Music.
594 3736 621 3781 e.
644 3712 774 3796 XXXI,
797 3738 827 3805 p.
847 3714 930 3779 1142
951 3713 990 3780 Β.
1008 3712 1045 3781 O.
1078 3705 1191 3779 ίίτιδδ
1210 3710 1291 3798 περί

121 3817 181 3897 τίς
201 3819 333 3906 ἀγωγὰς
354 3822 412 3885 καί
434 3816 492 3897 τὰς
508 3815 681 3906 μαθήσεις
702 3816 887 3907 διόρθωσις
899 3814 922 3900 ἢ
934 3818 1124 3908 διαστροφὴ
1136 3815 1283 3911 γίγνεται

120 3925 223 4004 δῆλον
233 3924 467 4014 Ἀριστόξενος
488 3930 532 4017 (p.
547 3928 609 3992 150
620 3925 750 4012 Mahne)
772 3925 923 4006 ἐποίησε·
942 3924 1009 3991 τόν
1028 3923 1093 4015 γὰρ
1113 3924 1203 3992 κατὰ
1222 3922 1283 4006 τὴν

118 4027 224 4096 αὐτοῦ
244 4030 377 4112 ἡλικίαν
403 4035 490 4122 φησί
521 4031 661 4121 Τελεσίρι
688 4033 734 4123 τῷ
764 4032 903 4122 θηβαίῳ
931 4033 1104 4119 συμβῆναι
1130 4030 1195 4123 νεῷ
1219 4034 1281 4122 μίν

118 4134 192 4203 ὄντι
206 4139 377 4227 τραφῆναι
391 4140 427 4206 ἐν
442 4140 484 4232 τῇ
504 4138 642 4229 καλλίςῃ
663 4140 806 4231 μουσικῇ
826 4142 883 4205 καλ
903 4140 1033 4226 μαθεῖν
1054 4134 1142 4204 ἄλλα
1163 4162 1200 4206 τε
1217 4137 1282 4207 τείν

118 4242 379 4334 εὐδοκιμούντων
399 4249 457 4314 καί
479 4246 520 4329 δὴ
543 4249 600 4315 καί
622 4245 664 4314 τοί
689 4243 865 4334 Πινδάρου
890 4241 933 4312 τοί
961 4269 995 4312 τε
1022 4244 1205 4317 Διονυσίου
1223 4244 1282 4321 ,τοῦ
