2798 4672
1157 274 1234 350 209

69 475 209 547 aequora
240 457 310 521 sive
333 451 477 540 Neptuni
498 470 644 538 regnum,
667 457 762 538 atque
786 451 827 517 ad
848 452 933 520 Solis
956 455 1110 522 eoelestia
1131 480 1232 550 regna

68 565 251 653 pertineret.
302 557 408 625 Aliam
437 557 523 621 viam
557 554 597 620 ad
632 554 759 622 fabulae
787 557 987 626 intellectum
1015 562 1085 628 iniit
1113 562 1151 631 Ο.
1178 565 1231 635 Fr.

69 667 195 736 Grosch
223 666 256 730 in
278 663 489 730 Itcet'tatione
520 663 598 741 „de
619 661 703 729 urbe
727 661 912 732 Gorirrtlro”
935 666 1052 751 (Jerroe
1071 677 1171 741 1812.
1186 681 1231 763 8.)

65 799 99 863 p.
119 781 173 840 15.
216 770 325 853 „Urbs
348 769 443 850 enim,
466 791 549 858 quae
570 767 712 857 undique
733 771 814 834 mari
836 772 951 852 cincta,
979 772 1093 840 omne's
1116 788 1230 872 quibus

67 879 248 950 excellebat
270 878 413 956 virtuteS,
434 875 530 940 maris
554 896 616 963 ope
638 874 698 940 sibi
721 887 981 966 comparaverat3
1009 900 1075 945 non
1097 881 1150 947 alii
1170 903 1231 948 nu-

66 985 144 1050 mini
166 1005 264 1073 quam
284 983 437 1072 Neptuno
461 989 649 1047 consecrata
673 1004 745 1048 esse
769 983 881 1072 potuit.
924 986 1004 1051 Hinc
1019 983 1127 1052 fabula
1140 985 1232 1077 Nep·

67 1101 181 1157 tunum
211 1112 286 1156 cum
316 1087 394 1155 Sole
425 1097 589 1154 certamen
621 1085 660 1152 de
692 1089 898 1175 possessione
931 1093 1012 1158 arcis
1044 1092 1169 1174 iniisse,
1199 1102 1233 1160 et

67 1206 204 1286 utroque
231 1196 370 1276 victore,
399 1194 551 1260 arbitrum
573 1191 743 1259 Briareum
768 1193 882 1264 urbem
909 1197 1039 1286 quidem
1065 1197 1231 1288 Neptuno,

66 1301 234 1371 castellum
261 1324 339 1368 vero
367 1299 506 1391 Apollini
534 1297 748 1389 adjudicasse,
777 1303 832 1390 qui
856 1300 935 1368 illud
962 1313 1076 1393 postea
1106 1305 1229 1373 Veneri

66 1410 228 1476 cesserit.'’
242 1446 285 1456 -
300 1407 368 1475 Sed
380 1405 557 1496 Hephaesti
573 1426 712 1494 quoque,
734 1408 825 1496 cujus
844 1407 1115 1489 inTheodon'dae
1127 1410 1228 1500 Syra·

67 1517 179 1582 cusani
215 1512 415 1603 dithyrambo
449 1511 542 1597 (Poll.
565 1509 609 1591 X,
632 1513 686 1595 50)
715 1514 834 1580 mentio
869 1512 917 1597 fit,
954 1538 1030 1582 cum
1058 1515 1227 1585 Bacchicis

65 1619 162 1691 rebus
184 1621 367 1712 conjunctio
390 1620 565 1686 notissima.
594 1617 659 1684 Clr.
681 1617 767 1684 Jahn
795 1620 932 1688 Vasertd.
954 1645 984 1712 p.
1009 1625 1049 1689 19
1069 1624 1099 1689 J.
1122 1624 1166 1688 20
1186 1621 1226 1690 K.

67 1725 151 1792 Guil.
175 1725 280 1815 Engel
301 1727 448 1810 Quaestt.
470 1725 578 1794 Naxx.
601 1747 632 1812 p.
654 1723 706 1789 33.
747 1725 901 1793 Welcker
928 1727 1076 1817 Aeschyl.
1105 1728 1226 1820 Trilog.

64 1855 97 1922 p.
116 1830 186 1895 164.
201 1832 274 1897 316.
297 1828 445 1896 Gerhard
465 1831 601 1896 Auserl.
629 1829 767 1896 Vareno.
782 1830 862 1896 Tab.
877 1831 1050 1900 XXXllX.
1065 1832 1226 1902 XXXIX.

66 1938 223 2004 Ceterum
245 1936 361 2002 eodem
379 1938 462 2025 jure,
484 1957 548 2025 quo
570 1934 612 2000 Jo
630 1932 730 2000 Chius
751 1935 936 2019 Briareum,
950 1937 1109 2006 Pindarus
1132 1939 1227 2006 Orio·

64 2067 142 2111 nem
176 2053 208 2110 et
237 2041 427 2109 Pleiades
418 2063 451 2106 m
484 2039 720 2128 dithyrambum
750 2040 892 2124 induxit;
926 2065 1121 2133 quamquam
1148 2044 1226 2111 Orio

67 2151 164 2216 etiam
186 2148 314 2215 aliunde
337 2170 412 2214 cum
433 2145 600 2213 Bacchicis
622 2146 717 2212 rebus
741 2149 931 2238 conjunctus
954 2157 1004 2215 est
1026 2146 1185 2238 (Apollod.
1202 2147 1226 2232 l,

65 2255 97 2336 4,
118 2255 161 2339 3).
206 2254 273 2321 Sed
295 2277 371 2321 cum
392 2222 540 2320 Pleiades
569 2251 737 2319 novembri
762 2274 875 2319 mense
905 2254 946 2322 ad
973 2276 1126 2322 occasum
1152 2277 1227 2322 ver-

67 2372 180 2451 gentes
201 2363 311 2451 prima
325 2383 404 2427 vere
425 2382 553 2426 rursum
574 2358 760 2441 ascendant,
781 2359 981 2449 aptissimum
995 2361 1101 2428 vernis
1123 2359 1228 2450 dithy-

66 2467 184 2534 rambis
217 2467 435 2557 praebuerunt
467 2475 701 2557 argumentum.
753 2466 827 2551 Quo
855 2467 896 2534 de
927 2468 1024 2535 etiam
1045 2467 1228 2534 Oreuzerus

68 2572 148 2639 dixit
174 2572 309 2662 Dionys.
331 2596 362 2662 p.
384 2573 449 2638 275
471 2572 670 2664 addiditque,
698 2594 798 2663 quum
826 2574 962 2641 eandem
990 2596 1060 2642 rem
1088 2575 1128 2641 ab
1152 2575 1228 2642 arti·

67 2677 179 2744 ficibus
201 2678 325 2743 videret
345 2699 544 2766 expressam,
565 2680 598 2743 in
620 2677 699 2744 Tab.
715 2679 757 2758 V,
778 2680 929 2770 antiquae
951 2683 1037 2748 vasis
1058 2682 1228 2770 picturam,

68 2783 263 2872 descriptam
291 2805 310 2846 e
342 2779 457 2846 tabulis
487 2779 693 2871 Duposianis.
744 2783 921 2872 Compare-t
947 2787 981 2852 in
1009 2809 1049 2852 ea
1076 2785 1228 2854 Bacchus

67 2889 193 2955 taurino
227 2887 332 2976 capite
365 2884 579 2976 pedibusque,
613 2886 705 2953 clava
738 2897 879 2954 armatus
911 2912 1074 2981 manuque
1106 2892 1229 2959 ducens

68 3017 168 3061 unam
195 3016 213 3060 e
239 2991 423 3059 Pleiadibus
452 3014 549 3083 quam
581 2991 723 3083 reliquae
749 3014 878 3060 sorores
905 2995 1015 3062 ordine
1042 3005 1228 3086 sequuntur.

69 3099 258 3166 Extremam
281 3100 366 3165 vasis
389 3121 479 3165 oram
502 3099 601 3165 ambit
623 3097 753 3165 Baccho
783 3121 876 3167 sacer
896 3099 1029 3190 palmes.
1075 3101 1230 3169 Ceterum

69 3206 155 3272 hunc
177 3204 307 3272 Pindari
330 3202 575 3293 dithyrambum,
597 3205 683 3272 unde
703 3204 809 3294 Etym.
832 3205 874 3273 Μ.
896 3229 927 3296 p.
942 3207 1014 3273 675.
1036 3206 1088 3274 33.
1120 3206 1229 3276 Schol.

70 3311 161 3378 Pind.
185 3311 279 3379 Nem.
302 3308 338 3392 ss,
361 3313 400 3376 16
421 3310 485 3378 hoc
506 3311 721 3401 fragmentum
743 3321 928 3383 servarunt:

233 3467 451 3482 .....
501 3419 631 3504 Τρέχων
653 3417 689 3482 δὲ
709 3414 795 3501 μετά

233 3516 420 3600 Πληῒόναν,
443 3513 515 3606 ἅμα
538 3519 572 3586 δ’
602 3518 815 3588 mitodedun
844 3521 1079 3613 λιοντοδάμας.

71 3628 184 3696 Naxiis
219 3629 434 3717 compositum
463 3629 577 3710 luisse,
610 3629 745 3697 inducor
777 3633 844 3700 lere
872 3634 913 3701 ad
949 3633 1146 3702 credendum
1174 3635 1231 3702 ali-

72 3756 137 3822 quo
165 3733 362 3822 Pherecydis
398 3732 471 3802 loco
500 3757 551 3824 ap.
585 3734 693 3803 Schol.
718 3735 899 3806 Germanic.
923 3765 953 3807 v.
975 3742 1048 3808 255.
1070 3760 1106 3827 p·
1116 3739 1160 3804 65
1180 3739 1229 3806 ed.

71 3838 195 3922 Buhle3
219 3862 315 3929 quem
338 3838 518 3907 Creuzerus
541 3839 561 3906 l.
584 3840 604 3907 l.
625 3843 703 3908 item
724 3844 903 3935 subjunxit:
928 3844 1096 3928 „Pleiades
1119 3864 1139 3908 a
1159 3841 1232 3932 plu·

73 3944 198 4012 ralitate
218 3944 335 4012 Graeci
355 3956 483 4028 vocant,
503 3944 610 4013 Latini
630 3970 669 4014 eo
691 3949 778 4039 quod
800 3974 877 4018 vere
892 3952 1078 4018 exoriantur
1089 3947 1231 4038 vergilia.

65 4050 161 4118 Dicit
195 4061 303 4117 autem
337 4049 541 4139 Pherecydes
578 4051 762 4135 Athenaeus
804 4066 929 4146 septem
964 4077 1092 4122 sorores
1132 4055 1233 4124 luisse

73 4155 216 4248 Lycurgi
237 4155 328 4239 filias,
349 4180 392 4224 ex
411 4156 508 4230 Naxo
530 4157 643 4244 insula,
665 4169 697 4227 et
714 4183 773 4250 pro
795 4182 846 4244 eo,
867 4162 954 4254 quod
964 4159 1132 4231 Bacchum
1153 4162 1233 4233 edu·
