2798 4672
170 252 248 327 234

170 435 233 501 tius
247 455 305 499 -ex
331 430 502 522 Thespidis
528 429 679 520 plaustris
706 436 761 493 aut
792 425 916 517 pulpito
942 427 1334 523 transformatam-putet,

169 526 239 607 sive
260 536 433 606 Muellerus
457 537 573 627 aliique
596 558 642 602 ere
657 534 796 622 Dionysi
822 556 880 599 ara
905 541 1097 624 prognatam
1128 532 1334 601 verisimilius

168 654 326 734 repetant,
343 642 406 709 hoc'
428 643 542 711 saltem
565 641 761 708 dubitatione
781 648 885 721 caret,
906 638 1042 706 chorum
1062 662 1106 705 ex
1126 636 1207 706 xlv
1226 637 1334 705 homiss

169 750 262 819 nibus
290 758 492 816 constantem
518 748 633 814 melius
663 757 761 837 atque
792 747 964 813 formosius
993 746 1078 813 circa
1105 766 1178 811 eam
1205 744 1335 834 dispom

168 878 277 946 posse,
298 878 396 946 quam
416 852 494 935 XV,
512 876 588 921 cum
608 856 641 920 in
662 854 742 922 XIV
763 852 959 920 collocandis
980 857 1053 921 bina
1074 855 1171 920 trium
1191 848 1334 937 choreu-

168 972 275 1029 tarum
299 963 407 1051 juga,¹
425 960 588 1050 thymelen
618 983 750 1040 versus,
781 960 821 1026 ah
839 960 1033 1051 ¹eademque
1061 982 1176 1027 aversa
1203 956 1335 1047 di'sponi

168 1069 314 1158 possint,¹
334 1068 380 1133 ita
401 1076 437 1132 ut
458 1067 522 1132 duo
544 1068 599 1156 qui
619 1076 782 1133 restarent·
803 1065 973 1133 saltatores
1002 1065 1082 1133 alter
1103 1064 1230 1132 dexteri
1248 1060 1334 1129 alter

168 1175 288 1265 sinistri
307 1168 441 1257 στοίχου
461 1172 603 1238 medium
632 1182 787 1239 tenerent.
823 1173 919 1241 ·Po·st
946 1195 1044 1263 quam
1065 1192 1149 1238 vero·
1164 1167 1233 1238 XV·
1254 1168 1334 1235 {aed

170 1289 262 1347 erant
281 1296 382 1345 unum
404 1278 579 1347 ascendere
602 1280 643 1347 ad
664 1278 827 1368 thymelen
843 1282 984 1346 'necesse
1005 1287 1088 1360 erat,
1119 1298 1228 1367 neque
1254 1296 1334 1343 eum

169 1385 305 1475 amplius
336 1384 425 1451 chori
454 1407 577 1451 corona
603 1386 812 1468 cinxit,=-s·ed
841 1388 971 1475 praeter
999 1384 1162 1452 sinistrum
1188 1388 1333 1462 versum,¹

169 1495 260 1584 eujus
282 1493 315 1559 in
336 1491 446 1558 medio.
467 1490 668 1581 coryphaeus
695 1494 818 1580 positus
846 1490 1009 1580 thymelen
1036 1488 1185 1570 obtiniut,
1214 1484 1333 1577 reliqui

168 1620 282 1665 versus
306 1620 419 1662 omnes
439 1606 515 1686 post
534 1599 641 1687 ipsum
664 1597 799 1663 ordinati
821 1607 920 1663 erant.
964 1596 1061 1665 Patet
1085 1588 1333 1661 hdcdefolr'eri

169 1702 389 1792 dispositione,
422 1723 489 1767 non
521 1704 644 1792 agentis
665 1702 735 1769 sed
767 1703 887 1769 stabilis
920 1694 1331 1771 intellectum·,me..=velle.

167 1807 284 1875 Elueet
304 1815 413 1873 autem
433 1807 573 1895 priorem
595 1808 846 1898 dispositionem,
868 1809 1015 1899 quamvis
1036 1816 1070 1873 et
1088 1807 1161 1897 ipsa
1174 1802 1333 1895 quadrata

169 1923 269 1996 esset,
295 1923 404 1980 tamen
425 1913 467 1980 ad
488 1913 628 2004 cyclium
644 1914 784 1983 chonrm
804 1917 936 2007 propius
960 1913 1156 1993 accessisse,
1177 1910 1333 2001 quomam

167 2021 202 2087 in
229 2019 313 2087 hanc
345 2043 475 2112 quoque
501 2019 728 2111 Xenophontis
755 2022 864 2089 cadat:
899 2020 938 2086 τὸ
963 2021 1069 2107 p'a'oov
1093 2011 1332 2084 caesenatis

168 2121 416 2210 καὶκαθαρόν.
1135 2154 1138 2159 ·
1174 2150 1178 2155 ·
1213 2132 1226 2157 ·’
1261 2154 1264 2159 ·

251 2233 296 2301 At
312 2236 381 2324 jam
401 2235 549 2300 revocari
571 2258 624 2301 me
645 2237 729 2301 intra
750 2234 904 2301 terminos
931 2232 1043 2313 audio,
1070 2231 1198 2321 quippe.
1211 2229 1268 2321 qui
1289 2226 1332 2295 de'

169 2336 296 2427 cycliis,
326 2360 393 2405 non
421 2339 461 2406 de
484 2340 645 2430 quadratis
668 2342 773 2407 choris
802 2338 1023 2407 disserendum
1050 2335 1331 2426 mihi'proposue-

168 2445 239 2526 rim,
267 2445 320 2511 cui
341 2443 472 2533 quidem
495 2445 707 2512 adhortationi
736 2448 858 2535 etipse
880 2443 1091 2511 eo'libentius
1113 2441 1333 2530 obtemperet,

169 2572 233 2639 quo
253 2548 308 2613 illa
330 2548 371 2613 de
393 2551 514 2638 tragico
538 2550 636 2617 choro
658 2554 835 2642 inquisitio,
863 2552 1010 2640 quamvis
1035 2546 1332 2635 nostra-'immimis

168 2661 274 2719 aetate
295 2654 424 2742 saepius
446 2664 568 2722 tentata
590 2658 639 2739 sit,
660 2666 769 2723 tamen
787 2656 905 2724 cotidie
920 2665 1045 2723 tantum
1058 2654 1158 2736 abest,
1177 2662 1216 2720 ut
1233 2651 1332 2721 loeu-

168 2756 299 2841 lentior,
330 2768 367 2825 ut
396 2760 451 2827 vel
477 2760 677 2845 lutulentior,
711 2761 901 2830 lubricosior
931 2761 1175 2852 impeditiorque
1192 2758 1333 2827 evadat.

168 2864 317 2933 Vidimus
332 2864 429 2954 igitur
443 2868 619 2950 eosdem,
642 2869 707 2960 qui
728 2870 766 2935 in
788 2870 967 2961 antiquis
983 2867 1118 2935 choris
1131 2864 1218 2933 soli
1233 2886 1333 2955 gra·-

170 2969 363 3039 uilitatem
378 2975 564 3061 eorporis
580 2984 849 3057 ostentarant‚
869 2976 907 3041 in
929 2973 1071 3064 cy'cliis
1087 2970 1220 3041 choris
1236 2969 1333 3055 aira-¹

169 3071 310 3162 μόμων
331 3078 467 3145 ollicio
490 3080 653 3147 functos
677 3104 777 3148 esse
823 3082 996 3166 Quaeritur
1011 3100 1178 3169 nuncque
1197 3076 1331 3145 in-loeo

169 3184 334 3252 constituti
353 3184 478 3265 fuerint,
499 3195 536 3252 ut
553 3210 619 3253 non
631 3188 729 3255 modo
742 3185 1097 3253 honorificentissimum
1112 3182 1222 3251 lecum
1235 3191 1332 3250 tene·

169 3298 257 3373 rent,
288 3288 347 3356 sed
375 3291 472 3356 etiam
501 3295 570 3383 ejus
597 3294 698 3375 modi,
727 3293 879 3359 undeet·
898 3293 1015 3359 intueri
1035 3289 1192 3381 reliquos,
1214 3297 1248 3356 et
1266 3288 1333 3379 ipsi

171 3416 299 3485 quoque
322 3393 361 3459 ab
384 3397 530 3464 omnibus
551 3400 696 3488 conspici
725 3408 870 3487 possent·
919 3397 963 3464 Et
988 3420 1063 3465 cum
1089 3394 1332 3463 coronazlaote

170 3508 228 3566 aut
247 3521 340 3565 arcus
361 3498 463 3589 figura
484 3502 644 3595 descripta
664 3504 789 3571 medius
812 3504 946 3595 quisque
968 3503 1110 3595 undique
1124 3501 1274 3568 omnibus
1291 3500 1329 3567 in

170 3613 349 3696 conspectu
376 3620 593 3698 compareret3
625 3634 747 3700 reapse·
766 3612 799 3676 in
830 3620 940 3700 aperto
973 3611 1079 3691 toret,
1092 3606 1203 3674 du‘ees
1232 3602 1330 3696 cyclii

171 3735 300 3804 quoque
321 3709 410 3781 chori
430 3715 574 3781 medium
594 3717 751 3799 tenuisse,
772 3716 834 3784 nisi
847 3716 942 3783 idern
962 3715 1047 3782 edite
1069 3721 1243 3780 testaretur·-
1260 3712 1332 3779 Po·

168 3820 312 3889 sidonius
334 3818 448 3887 Athen.
465 3819 521 3902 IV,
536 3845 568 3912 p.
587 3822 659 3888 152.
690 3813 776 3887 ὅταν
796 3824 833 3887 δὲ
858 3819 1004 3899 πλείονες
1025 3818 1248 3902 ossismos
1266 3840 1333 3883 και

168 3925 300 4005 diveas
319 3930 381 4010 μὲν
401 3925 437 3991 ἐν
458 3922 562 4017 κύκλῳ
582 3929 682 4015 μέσος
705 3924 741 3992 δ’
766 3925 790 3994 ὁ.
803 3924 1062 4015 remmon-dc
1082 3921 1127 3991 do·
1140 3926 1332 4015 κσρνφοῖος

167 4031 283 4117 zanni·-
307 4056 389 4125 quae
411 4032 510 4101 verb'a
530 4035 626 4101 etiarn
646 4036 677 4102 J.
696 4035 738 4103 G.
760 4030 1335 4103 Stommerhrodtiu's-'inRerum-

169 4136 295 4211 Saenia.
317 4160 410 4229 capp.
430 4139 833 4234 selectt.l‚·p.·13,··prol›e
853 4140 893 4209 de
914 4139 1138 4231 cyclio·choro
1151 4135 1330 4206 intellexit.

89 4283 92 4291 ·
168 4240 246 4313 ludo
266 4240 310 4324 lit,
330 4252 366 4311 ut
384 4254 470 4315 tohu
492 4247 609 4317 chorus
631 4248 879 4339 dithyraruhicus
897 4249 1008 4318 induo
1024 4246 1117 4340 quasi
1130 4240 1331 4325 hemicquria
