2798 4666
167 249 243 322 260

168 426 214 507 τίς
235 423 395 512 ἀνόμοιον
415 421 615 509 μετάβασις,
649 414 721 489 οἷον
749 422 848 500 εἴτις
870 420 919 487 at
940 416 1105 506 ποιήματι
1126 415 1334 509 ἢτιρούμστι

168 534 230 614 τὴν
251 530 451 618 μελοποιΐαν
472 529 572 616 τυχὸν
592 526 726 618 Δώριον
747 514 855 593 οὖσαν
873 523 1076 615 Ὑποδώριον
1096 532 1198 609 aaut,
1217 528 1335 617 μιγνύς

169 641 215 730 τῷ
237 636 352 728 Δωρίῳ
373 635 436 717 τὴν
453 633 675 722 Ὑποδώριον.
718 632 847 722 ἁρμογὴ
877 634 913 699 δί
937 635 1042 714 ἐστιν,
1073 630 1160 701 ίίταν
1185 632 1335 719 αύλιίοας

171 747 230 811 τὸν
246 744 394 833 Φρύγιον
415 741 513 809 τόνον
532 745 589 809 καὶ
611 744 779 820 ἐκτελέσας
801 739 839 806 τό
864 765 897 807 τε
921 728 1016 832 ᾆσμα
1030 744 1088 808 καὶ
1105 740 1149 807 τὰ
1163 739 1336 831 κρούματα

170 853 286 929 τελέως
307 847 589 938 μεθαρμόττηται
609 843 656 927 τίς
676 849 786 936 ἕτερον
805 844 913 928 τόνον,
931 844 1157 939 Ὑαοφρύμιον
1173 844 1197 931 ἢ
1211 848 1338 917 Λύδιον

171 957 195 1039 ἥ
215 980 292 1023 τινα
313 957 379 1022 τῶν
401 954 614 1043 τρισκαίδεκα
636 952 818 1043 ἁρμονιῶν·
840 950 984 1020 δύναται
1005 955 1040 1019 δ’
1062 951 1106 1021 ῶν
1121 958 1180 1022 καὶ
1201 952 1222 1035 ἡ
1237 979 1338 1042 μετα-

174 1063 257 1149 βολὴ
292 1062 421 1153 ἁρμογὴ
460 1065 653 1131 καλεῖσθαι.
711 1061 824 1130 Simile
860 1062 936 1154 quid
967 1070 1094 1154 spectat
1126 1061 1339 1149 Pherecrates

175 1173 304 1238 hutoni.
328 1172 364 1236 fr.
387 1169 431 1236 X.

377 1271 636 1362 ’Λτρασίζοντις
657 1272 718 1351 τὰς
745 1270 908 1362 ἁρμονίας
929 1273 986 1340 διὰ
1007 1273 1138 1343 πασῶν.

261 1383 363 1468 Quid,
392 1381 479 1472 quod
507 1381 561 1448 vel
588 1385 837 1449 instrumentum
857 1382 1078 1473 excogitatum
1099 1391 1150 1449 est
1171 1384 1340 1463 musicum,

177 1490 237 1555 sub
258 1491 389 1555 nomine
417 1488 734 1579 panhormonii¹⁸⁰),
762 1485 861 1553 risum
886 1488 973 1555 idem
1001 1487 1042 1554 ab
1065 1485 1206 1557 Alexide
1232 1490 1267 1557 in
1284 1490 1338 1579 hg.

177 1597 302 1660 incerti.
324 1594 425 1660 LXll.
459 1592 497 1657 τὸ
527 1587 815 1679 παναρμόνιον
838 1589 876 1657 τὸ
896 1592 1013 1658 καινὸν
1032 1591 1198 1677 ἐντείνων,
1221 1596 1340 1661 τέκνον.

176 1701 232 1764 Sic
264 1700 391 1765 correxi
421 1699 531 1765 locum
560 1699 720 1765 Meinekio
754 1701 986 1789 corruptiorem
1016 1724 1114 1791 quam
1153 1703 1209 1792 qui
1239 1703 1342 1769 sanari

177 1805 280 1894 possit
299 1806 414 1871 visum.
457 1804 608 1895 Denique
629 1814 762 1895 propter
778 1803 917 1893 Lydiam
937 1805 1139 1873 harmoniam
1160 1809 1194 1875 in
1218 1817 1341 1899 tragoe-

181 1912 232 1978 dia
254 1921 442 2003 usurpatam
465 1911 614 1978 Cratinus
636 1912 669 1976 in
691 1910 788 1978 Horis
810 1912 956 2001 increpat
976 1910 1230 1983 Cleomachum:

398 2072 404 2085 .
451 2071 457 2084 .
503 2071 510 2084 .
556 2070 564 2083 .
600 2013 674 2080 Ἴτω
695 2017 731 2082 δὲ
752 2020 810 2082 καὶ
832 2016 1017 2107 τραγῳδίας

398 2121 418 2189 ὁ
437 2119 630 2208 Κλεόμαχος
652 2119 863 2204 διδάσκαλος,
886 2124 1133 2212 παρατιλτριῶν

397 2229 479 2316 ἔχων
496 2229 599 2317 χορὸν
619 2230 765 2296 Λυδιστὶ
785 2232 968 2299 τιλλουσῶν
988 2233 1072 2317 μέλη

398 2334 538 2422 πονηροί.
561 2337 630 2403 κτλ.

184 2444 234 2509 Cf.
256 2443 398 2511 Bocckh.
422 2443 462 2509 dc
483 2443 575 2509 Matr.
593 2440 685 2508 Pind.
703 2465 733 2531 p.
746 2442 820 2508 240.
863 2441 981 2534 Neque
1002 2444 1118 2511 comici
1137 2454 1257 2533 poetae
1278 2446 1343 2511 [ue-

183 2558 267 2628 runt‚
288 2550 343 2636 qui
364 2547 425 2613 soli
445 2547 693 2627 harmoniarum,
716 2570 798 2635 quae
814 2549 968 2637 paulatim
982 2550 1168 2633 invaluerat,
1188 2550 1344 2618 incuriam

182 2651 317 2738 flagellis
338 2653 404 2718 suis
426 2651 607 2734 caederent,
629 2651 686 2717 sed
707 2651 778 2742 ipse
799 2653 947 2720 Protinus
964 2656 1240 2746 dithyramhorum
1253 2665 1345 2747 poeta

184 2758 399 2825 nobilissimus
427 2759 548 2848 absquo
569 2757 654 2824 Plut.
678 2758 718 2824 de
739 2758 821 2825 Mus.
845 2783 872 2828 c.
895 2760 1012 2828 XXXI
1036 2764 1075 2829 iis
1102 2762 1245 2829 additus:
1274 2758 1345 2831 ὅσοι

184 2865 251 2928 τῶν
273 2866 411 2953 λυρικῶν
429 2863 545 2954 ὅνδρις
566 2866 716 2949 ἐγίνοντο
738 2868 876 2945 ποιηταὶ
896 2863 1091 2955 κρουμοίτιον
1112 2866 1257 2959 ἀγαθοὶ,
1284 2892 1344 2937 non

184 2995 248 3036 uno
268 2970 341 3038 loco
365 2975 521 3039 musicam
544 2973 583 3038 ab
605 2972 812 3063 impendente
831 2972 904 3041 labe
927 2976 1100 3043 defendere
1120 2975 1254 3043 studuit
1287 2960 1345 3043 lta'·

185 3102 247 3167 quc
269 3080 301 3143 in
323 3079 520 3145 nobilissimo
542 3078 595 3144 illo
619 3077 870 3168 hyporchemate
892 3104 942 3171 ap.
965 3080 1168 3149 Athenaeum
1185 3104 1218 3173 p.
1231 3080 1296 3149 614
1311 3078 1344 3147 Β.

185 3208 215 3248 v.
240 3185 280 3249 18
300 3183 483 3273 Dionysum
503 3186 711 3275 imprecatur:

656 3290 1009 3378 θριαμβοδιθύραμβε

268 3395 457 3481 κισσοχαῖτ’
480 3395 574 3477 ἄναξ,
597 3392 694 3463 ι’ίκονι
718 3396 780 3463 τὰν
802 3395 886 3482 ἐμὰν
907 3392 1063 3486 Δῶρισν
1087 3397 1268 3487 χορείαν.

185 3498 273 3565 hiem
296 3522 346 3590 ap.
368 3502 482 3570 Athen.
504 3503 594 3587 XlV,
615 3529 646 3595 p.
669 3503 734 3569 633
755 3504 811 3570 A.:

440 3605 603 3674 Λύκωνὸ
633 3609 738 3691 τέττιξ
768 3604 902 3686 tironos
928 3608 960 3686 ἐς
980 3604 1092 3696 χορόν.

186 3723 218 3780 ct
237 3737 287 3805 ap.
310 3711 426 3781 Athen.
448 3711 538 3795 XIV,
559 3738 590 3804 p.
613 3718 677 3783 624
697 3717 723 3782 F
726 3742 750 3782 .:

228 3817 327 3900 Μήτι
350 3816 512 3888 σύντονον
533 3819 639 3899 δίωκε,
667 3817 750 3905 μήτε
773 3820 836 3887 τὰν
856 3818 1035 3907 ἀνειμέναν
1053 3818 1158 3891 Ἰαστί
1181 3820 1329 3891 Μοῦσαν

227 3920 312 3990 ἀλλὰ
334 3926 395 3992 τὰν
415 3929 525 4013 μέσαν
547 3928 629 3994 νεῶν
651 3924 798 4015 ἄρουραν
820 3922 942 4011 αἰόλιζε
964 3926 1010 4018 τῷ
1031 3928 1122 4014 μέλει

225 4173 271 4240 ¹³⁰)
289 4177 330 4227 De
355 4180 546 4245 panhormonio
571 4183 618 4240 cfr.
637 4186 669 4241 C.
689 4182 870 4240 Sclmeiderus
888 4181 923 4235 ad
940 4184 1013 4241 Plut.
1029 4182 1112 4240 civit.
1128 4184 1212 4242 Τοοι.
1227 4188 1248 4243 Ι.
1261 4182 1347 4257 nem

258 4278 315 4331 sqq.
334 4279 361 4330 p.
379 4269 432 4322 279
449 4272 481 4323 B.
