2798 4672
189 257 264 330 128

187 442 291 506 winus
325 437 437 505 delent.
466 443 563 526 pontt.
595 433 679 501 moll.
702 457 732 523 p.
750 433 815 500 375
837 456 883 523 sq.
915 443 947 500 et
974 434 1038 502 Ind.
1067 433 1175 502 Schol.
1205 431 1352 523 Gotting.

189 549 272 630 184}
284 569 314 636 p.
331 546 360 611 5.
405 544 513 610 Patria
529 539 840 608 suitHermionensis
862 541 921 607 sed
942 541 1079 608 multum
1100 542 1185 606 vitae
1208 540 1353 630 spatium

187 661 405 722 commoratus
432 648 558 717 videtur
588 645 728 712 Athenis.
751 685 793 693 -
814 645 904 713 Alius
928 647 1048 738 Cydias
1077 654 1355 715 commemoratur

187 759 272 849 apud
294 756 456 825 Eubulum
478 753 591 820 Athen.
614 752 696 835 XIII,
718 778 748 844 p.
760 753 824 818 538
846 753 880 818 F.

418 857 574 936 Ἑλλάδος
596 857 695 943 ἔγωγε
718 862 776 938 τῆς
797 855 1008 946 ταλαιπώρου
1030 863 1112 936 ςὲνοι

415 965 467 1033 Ἣ
487 966 618 1032 Κυδίαν
639 961 806 1052 ναύαρχον
827 967 1045 1053 ἐξεπέμψατο.

186 1080 251 1147 Cfr.
274 1076 442 1145 Ruhnken.
470 1074 541 1139 hist.
566 1074 735 1140 minorat.
758 1095 787 1162 p.
800 1071 951 1142 LXXIV.
986 1072 1123 1141 Meinelr.
1147 1072 1275 1139 Comm.
1298 1070 1351 1155 111,

185 1210 216 1276 p.
228 1186 301 1251 238.
322 1222 365 1231 -
387 1182 515 1248 Tertius
537 1178 704 1269 Herophili
726 1189 782 1244 aut
796 1178 878 1246 filius
895 1191 950 1246 aut
963 1180 1146 1271 discipulus,
1169 1177 1353 1269 Mylassen-

186 1293 229 1356 sis
252 1313 301 1380 op.
324 1288 513 1354 Erotionum
534 1285 683 1353 laudatur
703 1309 734 1374 p.
751 1287 830 1373 1923
859 1288 895 1373 orf¹
911 1288 949 1377 δὲ
978 1291 1052 1373 περὶ
1078 1281 1271 1372 Ἰσχόμαχον
1293 1288 1353 1351 καὶ

122 1416 125 1421 ·
188 1395 322 1461 Κυδίαν
344 1394 403 1460 τὸν
426 1394 593 1459 Μνλαοὲα
620 1388 776 1481 ἔγραψαν
807 1382 951 1481 ἴκμύδρ,Ι
985 1395 1096 1458 αἴτιον
1124 1395 1159 1457 δὲ
1186 1389 1353 1473 τούταυὴ

187 1504 246 1583 τῆς
264 1501 376 1583 λέξεως
397 1497 527 1584 ἄγνοια.
578 1499 695 1588 Neque
715 1497 802 1565 hunc
823 1498 932 1567 locum
955 1502 1062 1567 omisit
1084 1498 1166 1566 God.
1189 1499 1353 1567 Herman-

187 1633 248 1676 nus
270 1611 344 1675 diss.
367 1607 406 1673 de
429 1604 582 1695 Aeschyli
603 1603 779 1693 Lycurgia:
805 1628 836 1695 p.
862 1606 910 1671 14.
956 1607 1006 1674 Ad
1039 1607 1179 1674 eundem
1201 1606 1353 1695 Cydium,

186 1713 421 1803 Mylassensem
449 1709 660 1803 Lysimachus
689 1709 777 1776 Cous
805 1721 870 1778 tres
905 1714 1096 1803 conscripsit
1124 1713 1237 1795 libros,
1266 1722 1355 1781 teste

188 1821 303 1888 eodem
323 1820 477 1886 Erotiano
500 1842 531 1908 p.
551 1821 600 1885 10.
633 1812 715 1904 πρός
738 1839 771 1880 τε
794 1815 924 1897 τούτοις
944 1815 1145 1906 Λυσιμάχου
1166 1819 1226 1886 τοῦ
1250 1814 1354 1887 Κοίου

187 1931 244 1993 καὶ
267 1924 400 2010 βιβλίον
421 1920 677 2005 ιίςαονύσαντος
700 1922 942 2014 πραγματείαν,
962 1927 1048 2011 μετά
1067 1926 1106 1993 τό
1129 1925 1171 1991 τά
1193 1927 1270 2014 τριά
1291 1931 1355 2013 μὲν

187 2030 317 2123 γράψαι
339 2031 421 2124 πρὸς
447 2029 578 2098 Κυδίαν
601 2031 660 2097 ’τόν
677 2026 898 2120 Ἡροφίλειον.
921 2072 965 2083 -
986 2032 1103 2124 Neque
1118 2032 1253 2101 Luciani
1268 2043 1355 2101 tem-

188 2143 319 2232 poribus
342 2141 466 2231 Cydiae
487 2163 607 2207 nomen
633 2141 765 2223 interiit3
795 2142 936 2231 carpitur
962 2142 1048 2207 enim
1068 2140 1189 2230 Cydias
1212 2138 1356 2230 quidam,

189 2248 364 2315 admodum
385 2248 475 2313 dives
503 2245 616 2327 homo,
646 2247 741 2314 Tom.
763 2246 798 2328 II,
821 2270 852 2336 p.
870 2249 934 2315 888
962 2247 1024 2331 (ed.
1046 2246 1219 2335 Henrieop.
1245 2247 1355 2332 1619).

190 2355 314 2443 Cydiae
336 2354 515 2440 fragmenta
538 2360 712 2440 supersunt
733 2353 801 2417 irio.
843 2352 908 2418 Cir.
931 2350 1049 2441 Bergk.
1072 2349 1168 2419 PLG.
1191 2374 1222 2438 p.
1234 2350 1315 2419 837.
1351 2402 1354 2407 .

515 2667 707 2759 Τηλέπορόν
729 2693 759 2735 τι
777 2666 896 2757 βόαμα
917 2666 1028 2757 λύρας.

188 2776 297 2845 Schol.
328 2778 380 2843 Ar.
412 2775 519 2843 Nubb.
549 2781 620 2844 968.
671 2776 711 2843 τό
740 2778 775 2842 δὲ
809 2773 1037 2864 τηλέπορόν
1066 2772 1103 2838 τί
1134 2771 1272 2862 βόαμα
1305 2774 1352 2861 μη

188 2880 407 2971 εὑρίσκεσθαι
439 2874 520 2948 ότου
552 2879 629 2950 πότ’
664 2883 764 2952 ἐστίν.
808 2885 844 2949 ἐν
881 2883 943 2973 γάρ
973 2879 1216 2967 άποσπάσματι
1246 2876 1355 2968 εύριίν

185 2987 424 3077 Ἀριστοφάνη
445 2991 481 3054 ἐν
503 2991 542 3082 τῇ
564 2988 786 3082 βιβλιοθήκῃ·
811 2997 894 3067 τινὲς
916 2991 952 3056 δέ
974 3012 1083 3075 φασιν
1102 2986 1185 3055 αὐτὸ
1201 2987 1354 3054 Κυδίδον

189 3097 268 3186 (leg.
302 3093 438 3163 Κυδίου.
466 3097 603 3182 Bernh.)
635 3095 850 3184 Ἑρμιονέως·
885 3092 1115 3185 τηλέπορόν
1147 3120 1184 3162 τι
1215 3097 1352 3183 βόαμα

189 3200 324 3289 λύρας.
1235 3212 1239 3219 “

753 3311 781 3377 ό.

274 3415 357 3481 Plut.
393 3416 433 3482 de
467 3417 548 3483 facie
580 3418 612 3482 in
641 3417 718 3483 orbe
745 3416 868 3498 Lunae,
896 3439 922 3483 c.
954 3418 1002 3482 18.
1046 3411 1079 3481 α’
1108 3416 1149 3496 δη
1178 3415 1225 3502 μὴ
1259 3416 1351 3483 Θέων

190 3511 287 3599 οὗτος
310 3520 368 3585 τόν
392 3520 591 3607 Μίμνερμον
612 3520 724 3597 ἐπάξει
746 3527 803 3588 καὶ
833 3525 893 3587 τόν
918 3521 1050 3587 Κυδίαν
1071 3528 1129 3588 καὶ
1157 3523 1216 3589 τὸν
1235 3520 1352 3611 Ἀρχί·

189 3631 302 3714 λοχον,
338 3626 420 3716 πρὸς
448 3629 482 3691 δὲ
514 3626 642 3704 τούτοις
670 3628 876 3716 Στησίχορον
908 3633 967 3694 καὶ
1002 3629 1062 3694 τόν
1090 3628 1284 3716 Πίνδαρον,
1317 3630 1352 3695 ἐν

189 3741 263 3813 ταῖς
295 3733 481 3821 ἐκλείψεσιν
515 3730 781 3824 ὀλοφυρομένους
817 3735 874 3800 τόν
905 3735 1143 3822 ιγανιρώτατον
1175 3734 1353 3823 κλεπτόμε-

190 3863 249 3908 νον
270 3845 328 3907 καὶ
354 3843 443 3930 μέσῳ
470 3837 575 3926 άματι
605 3841 702 3932 (vulg.
735 3835 807 3928 άμα
832 3845 905 3925 την)
940 3841 1042 3908 νύκτα
1068 3845 1263 3927 γινομένην,
1294 3844 1352 3909 καί

191 3949 252 4028 τὴν
273 3946 392 4014 ἀκτῖνα
416 3947 475 4012 τοῦ
496 3944 592 4027 ἡλίου
614 3944 751 4025 σκότους
777 3944 930 4034 άτραιιόν
952 4000 958 4012 .
983 4000 989 4013 .
1015 4001 1021 4013 .
1045 4001 1051 4014 .
1076 3945 1277 4034 φάσκοντας.

759 4078 777 4120 c

276 4160 370 4229 Plau
393 4161 556 4231 Charmid.
579 4186 609 4253 p.
629 4163 690 4229 155
704 4158 746 4228 D.
776 4158 963 4248 ἐιγλεγόμην
984 4164 1041 4226 καὶ
1062 4158 1169 4228 οὐκέτ’
1193 4166 1230 4228 ἐν
1250 4165 1351 4251 ἐμαυ-

191 4266 252 4334 τοίι
281 4267 386 4360 (vulg.
416 4269 565 4359 ἐμαυτῷ)
602 4256 643 4350 ἦν
673 4271 731 4335 καί
763 4264 904 4354 ἐνόμισα
937 4266 1137 4357 σοηιίτατον
1167 4259 1257 4338 εἶναι
1295 4272 1354 4339 τόν
