2798 4666
1141 307 1218 381 257

53 478 215 562 γενέσθαι
237 475 274 556 ὃς
289 518 329 528 -
349 477 511 566 ἐχρήσατο
533 479 645 567 μέλεσι
666 483 857 573 κατταγόοι,
876 485 934 549 καὶ
957 479 1042 564 ὅλως
1065 487 1127 569 την
1150 493 1219 576 τέχ-

54 607 115 664 νην
146 581 355 669 ἐμαλάκισεν.
411 585 581 678 Ejusdem,
614 596 649 654 ut
680 599 798 678 poetae
829 589 1014 674 κατεαγότα
1047 592 1220 684 κρούματα

53 688 241 780 γράφοντος
262 692 371 760 Sclrol.
395 691 510 759 Aesch.
534 715 561 760 c.
585 694 667 761 Tim.
691 696 720 781 ᾗ.
744 698 817 763 726.
842 693 888 775 οἷς
908 700 1052 778 ποιητοῦ
1075 709 1221 791 τρυφερὰ

51 801 110 863 καὶ
129 799 287 886 παροίνια
309 796 497 887 γράφοντος
518 798 602 866 Plut.
616 798 711 866 Dem.
725 824 751 868 c.
767 800 822 884 lV,
844 814 881 871 nt
901 800 1050 886 αὐλητοῦ
1069 809 1222 894 μαλακοῦ

53 905 195 972 Gramm.
218 905 318 973 Bell.
341 906 462 973 Anecd.
485 927 516 995 p.
539 906 602 970 221
627 908 779 974 meminit.
804 910 935 980 -Sed
963 912 1045 981 haee
1073 914 1114 981 de
1141 914 1221 982 deli·

53 1011 167 1078 catulis
189 1013 257 1078 istis
281 1011 473 1079 carminibus
497 1011 663 1078 sufficiant.

138 1117 225 1208 Lyra
248 1119 360 1185 decem
389 1117 501 1184 fidibus
532 1117 687 1185 instructa
714 1117 824 1185 lonem
847 1120 965 1189 Chium
988 1148 1083 1194 usum
1105 1129 1222 1211 lerunt,

54 1225 115 1291 nisi
136 1223 294 1314 Berglrius
311 1222 408 1290 PLG.
420 1247 450 1312 p.
462 1223 526 1288 427
548 1223 648 1288 verba
670 1222 813 1292 Euclidis
836 1231 1037 1298 emendatius
1060 1231 1139 1323 legit
1159 1236 1222 1302 sic:

54 1327 263 1417 ἑνδεκάχορὸε
296 1324 378 1417 λάροι
410 1325 624 1414 δεκαβάμονα
658 1326 751 1410 τάξιν
781 1329 902 1416 ἔχουσα
931 1337 1000 1404 κτλ.
1052 1338 1132 1406 Utut
1162 1351 1220 1423 est,

55 1439 88 1504 lo
117 1440 187 1527 ipse
218 1462 324 1528 neque
358 1437 516 1504 decimam
546 1458 653 1526 neque
682 1434 885 1506 undecimam
913 1443 1031 1535 adjecit
1056 1442 1221 1529 chordam,

56 1544 114 1612 sed
136 1545 198 1611 hoc
219 1542 355 1609 aliorum
376 1551 500 1608 tantum
515 1542 646 1608 invento
663 1565 740 1608 usus
757 1554 813 1611 est
858 1546 944 1614 Nam
960 1549 1084 1618 decima
1100 1550 1221 1618 chorda

56 1651 159 1740 lyram
181 1651 271 1716 auxit
293 1648 454 1715 Histiaeus
478 1646 715 1738 Colophonius3
738 1651 908 1720 undecimo
929 1677 1008 1722 vero
1030 1653 1221 1724 Timotheus

56 1755 214 1838 Milesius,
243 1765 381 1823 novator
400 1754 454 1821 ille
477 1763 509 1820 et
530 1754 754 1843 cupidissimus
782 1765 815 1821 et
835 1758 1111 1847 prudentissimus.
1154 1763 1221 1830 Pli-

56 1865 129 1929 nius
163 1862 292 1953 quide'm
321 1861 361 1927 ll.
384 1859 425 1928 N.
449 1857 515 1941 Vll,
537 1859 579 1925 56
611 1859 650 1926 ab
683 1882 721 1926 eo
755 1882 874 1927 nonam
904 1863 1034 1931 affixam
1067 1866 1221 1936 chordam

57 1970 161 2035 tradit.
211 1967 278 2035 Sed
307 1963 526 2034 Nicomachus
547 1964 658 2032 Herm.
680 1964 715 2048 lt,
737 1989 767 2055 p.
790 1967 966 2036 estleia:
1004 1968 1175 2056 Τιμόθεος
1201 1970 1221 2037 ὁ

59 2069 227 2153 Μιλήσιος
250 2071 310 2159 τάν
331 2066 509 2151 ἑνδεκάτην
520 2069 646 2158 χορδήν
659 2071 819 2160 sanatos,
841 2095 947 2164 nequo
962 2073 1053 2143 aliter
1065 2077 1221 2146 Boethius

58 2191 92 2247 et
129 2179 460 2247 Lacedaemoniorum
507 2177 691 2260 decretum3
737 2175 787 2244 cll.
827 2180 955 2248 Joanne
994 2181 1222 2252 Sarisberiensi

59 2287 241 2376 hletalogie.
255 2311 285 2376 p.
299 2289 349 2352 79.
365 2286 408 2350 80
430 2284 517 2368 (Par.
536 2285 627 2349 1610.
647 2285 699 2367 8.).
743 2282 936 2352 Plutarchus
958 2287 1044 2354 enim
1060 2311 1087 2355 o.
1103 2287 1222 2358 XXIX

58 2395 165 2458 minus
186 2391 413 2481 significanter:
443 2379 539 2466 οὗτος
566 2387 628 2475 γάρ
651 2386 895 2476 ἑπταηιλόγγης
919 2393 977 2472 τῆς
998 2390 1098 2481 λύρης
1116 2393 1222 2485 ῦπαρ·

56 2495 180 2585 χοῦοης
201 2498 259 2575 ἕως
283 2495 329 2575 εἰς
352 2496 575 2585 Τέρπανδρον,
600 2495 771 2588 δνέρῥιψεν
792 2492 837 2575 εἰς
860 2496 1015 2577 πλείονας
1036 2500 1222 2594 φθόγγους,

60 2629 157 2696 quem
179 2605 288 2672 locum
318 2605 486 2670 manifeste
514 2613 701 2694 corruptum
730 2613 842 2672 censet
861 2604 1044 2676 Boeckhius
1068 2608 1108 2676 de
1130 2608 1222 2678 Metr.

60 2713 151 2780 Pind.
175 2735 203 2801 p.
226 2711 299 2777 205.
321 2713 351 2776 8.
402 2709 612 2777 Probabiliter
639 2711 747 2799 itaque
770 2710 948 2779 hleinekius
974 2713 1007 2778 in
1028 2712 1225 2781 Pherecrate

61 2816 189 2883 δώδεκα
211 2827 389 2885 commutat
408 2817 441 2883 in
464 2815 587 2881 ἕνδεκα.
628 2815 702 2900 Qua
720 2815 752 2879 in
775 2837 810 2881 re
832 2817 949 2882 mirum
970 2815 1033 2882 hoc
1055 2826 1113 2898 est,
1136 2817 1224 2906 quod

62 2949 124 3017 que
147 2927 277 2992 invento
299 2923 391 2990 nobis
419 2922 459 2988 de
481 2919 604 2989 Musica
627 2922 747 3010 optime
777 2922 909 2986 meritus
936 2921 1077 3003 videtur,
1106 2921 1224 2989 eodem

61 3057 104 3099 cx
132 3040 278 3099 veterum
308 3029 505 3096 eruditorum
536 3025 703 3093 hominum
732 3047 869 3095 censura
900 3026 1094 3116 depravasse
1122 3030 1224 3094 artem

61 3138 255 3205 crederetur.
301 3137 366 3202 Clr.
387 3155 446 3201 nos
468 3157 498 3224 p.
514 3134 583 3199 113.
636 3134 793 3222 Superest
815 3130 907 3199 locus
932 3131 1225 3204 Pseudocensoriui

62 3270 91 3334 p.
118 3245 179 3309 145
204 3245 265 3326 (ed.
283 3239 387 3331 Lugd.
401 3240 511 3323 imur:
544 3239 645 3321 „lude
668 3239 783 3305 iecisse
810 3247 874 3304 tres
904 3238 1024 3327 primos
1046 3236 1086 3304 de
1109 3237 1224 3328 quihus

62 3375 159 3440 supra
189 3351 308 3415 dietum
339 3357 402 3426 est,
436 3345 519 3411 hane
546 3345 714 3434 excepisse
747 3344 970 3409 extensionem
994 3341 1099 3411 Linon
1126 3363 1225 3434 quern

62 3457 192 3547 quidam
207 3453 362 3544 Apollinis
384 3451 483 3518 filium
505 3451 634 3516 tradunt
653 3459 686 3516 et
699 3446 871 3536 Nymphae
882 3447 1076 3518 Paramesue
1090 3448 1224 3538 Chryst·

63 3561 181 3628 lremidi
212 3559 395 3650 reliquisse,
423 3558 463 3623 ab
492 3580 530 3622 eo
559 3555 745 3647 adjunctum
768 3552 900 3619 modum
922 3555 976 3644 qui
997 3577 1225 3645 synemmenos

63 3669 192 3749 dicitur3
221 3665 306 3732 lrunc
338 3686 508 3731 numerum
536 3663 667 3728 auxisse
694 3657 920 3749 Terpandrum
954 3660 1134 3753 adjectione
1157 3658 1225 3725 die·

63 3796 276 3863 zeugmenon‚
300 3773 353 3862 qui
375 3771 496 3862 primus
519 3793 537 3835 a
560 3765 710 3856 gravibus
732 3767 763 3832 in
780 3775 910 3832 acrrtum
926 3766 1089 3844 avertitur,
1110 3762 1225 3831 deinde

64 3879 254 3947 'l'imotheus
277 3878 397 3945 addidit
419 3875 499 3942 duos
522 3894 715 3962 paramesen
736 3883 769 3940 et
789 3869 1017 3962 hyperboleon.
1026 3873 1042 3900 ”

152 3986 287 4073 Cor-rige
310 3986 336 4050 si
357 3983 435 4049 tanti
458 3989 522 4048 est:
549 3977 735 4068 „nymphae
757 3977 967 4044 Pammesae:
990 3972 1101 4062 [hune]
1122 3973 1226 4066 Chry·

65 4090 236 4158 sothernidi
259 4090 434 4179 reliquisse,
458 4087 497 4152 ab
522 4108 559 4152 eo
583 4090 676 4176 sqq.''
719 4082 895 4166 „Avertit”
918 4079 1060 4148 hlanutio
1083 4079 1225 4148 debetur.

67 4200 221 4262 (fetet-am
235 4195 319 4262 hunc
335 4193 452 4272 locum,
475 4191 620 4282 quamvis
635 4188 854 4279 hyperboleon
866 4189 985 4278 injecta
1000 4187 1173 4268 mentione,
1194 4187 1227 4250 in

67 4327 115 4379 rra,
140 4325 221 4391 quae
246 4301 286 4367 de
309 4299 500 4366 chordarum
524 4297 671 4363 auctione
694 4295 838 4385 quaestio
863 4302 925 4375 est,
957 4290 1034 4360 nihil
1056 4310 1226 4359 moramur.
