2798 4672
171 260 245 336 202

170 466 244 511 cum
265 440 395 508 Baccho
419 450 474 506 aut
496 440 616 505 tradita·
632 448 719 504 esset
741 449 795 503 aut
816 437 891 528 fingi
912 439 1061 527 cognatio
1090 448 1215 528 posset,
1249 436 1338 507 baec·
1366 454 1372 469 “

170 572 230 625 err·¹
239 544 441 639 popularium
468 545 603 612 heroum
625 543 741 633 mythis
771 556 960 634 argumenta
979 554 1168 637 repeteret·
1200 544 1335 627 Sed‘dc

167 654 216 719 his
238 657 270 719 in
292 651 508 744 superioribus
532 652 667 740 exposui
688 648 852 739 prolixius,
866 650 961 719 'nunc
975 670 1064 735 vero,
1086 663 1122 718 ut
1143 650 1333 718 statim-hue

167 760 240 826 loco
263 783 316 825 me
338 758 523 850 expediam,
546 780 604 822 cur
620 753 877 844 Udithyrambum
883 756 1075 827 fortasse
1083 758 1187 826 'etiam
1208 755 1332 823 Antbe-

167 867 270 931 ste'riis
302 864 456 930 vindicam
484 886 580 952 posse
608 860 757 928 dixerim
770 863 870 927 tria
861 886 893 929 m
921 874 1083 1003 promptu
1090 863 1204 975 babeo
1232 863 1331 954 argu-

167 981 285 1038 menta

211 1077 394 1142 Primum
415 1078 501 1143 enim
523 1077 624 1141 lestis
636 1040 912 1141 Anlhest'eriorum
941 1074 1061 1143 diebus
1084 1078 1203 1142 etiam
1200 1098 1328 1166 puero·

164 1186 243 1248 ιιιιιι
266 1181 373 1271 aliqua
402 1206 437 1248 ra
439 1182 482 1247 tio
439 1180 632 1247 thabita
654 1189 721 1260 est,
738 1202 817 1246 non
854 1191 890 1246 ut
919 1180 1121 1270 puerilium
1139 1183 1178 1248 iis
1204 1182 1330 1272 gaudia

163 1286 297 1352 lususve
330 1287 505 1354 obtinuisse
539 1287 657 1365 dicam,
671 1285 747 1352 ¹sed
775 1284 938 1353 invaluit
936 1287 1059 1353 nescio·
1073 1310 1135 1353 ex·-
1158 1310 1223 1377 quo
1252 1288 1329 1355 inde

165 1402 310 1481 tempore
350 1415 525 1482 puerorum
542 1391 817 1458 ¹coronandorum
855 1392 1082 1473 consuetudm·
1109 1394 1329 1483 gratissimum

162 1499 342 1588 regenerati
364 1507 396 1562 et
418 1499 493 1563 anni
514 1508 547 1564 et
575 1497 627 1563 dei
655 1495 847 1586 symbolum.
889 1498 1333 1567 Paternum-athenienses·

161 1606 195 1670 in
215 1604 277 1670 hac
296 1605 468 1670 festissima
489 1605 616 1670 actione
643 1600 809 1669 cantilenis
838 1605 995 1686 caruisse,
1023 1604 1176 1695 Dionyso·
1199 1605 1324 1674 samis?

161 1709 238 1777 Non
269 1708 386 1776 hercle.
438 1707 539 1774 Immo
573 1706 703 1775 affuisse
740 1730 916 1796 puerorum
947 1709 1099 1777 ¹catervas
1131 1712 1324 1801 persuasum

159 1814 279 1898 habeo,
309 1816 363 1906 qui
384 1815 524 1904 cyclium
545 1826 678 1906 agentes
701 1811 836 1881 chorum
858 1813 1095 1904 dithyrambum
1115 1819 1331 1908 auspicaren··

160 1931 227 2005 tur,
251 1922 368 2012 quain
390 1944 426 1987 re
449 1925 544 1988 etiam
567 1920 652 1987 aliud
675 1930 724 1986 est
747 1920 833 2011 quod
854 1923 1009 2010 suspicor,
1030 1921 1131 1988 Sileni
1148 1946 1322 2013 personam

160 2027 343 2118 florigeram
363 2029 396 2093 in
418 2027 467 2094 his
486 2026 691 2118 ipsis-choris
713 2026 934 2117 paedagogica
966 2029 1057 2118 quasi
1082 2029 1165 2095 inter
1187 2029 1332 2121 Satyros

161 2133 264 2201 officio
286 2135 431 2201 functam
447 2158 527 2200 esse.
570 2134 656 2201 Nam
671 2132 759 2200 nullo
775 2132 872 2198 modo
887 2134 1082 2223 persuadere
1096 2134 1175 2200 milri
1188 2158 1331 2226 possum·

160 2239 306 2327 Silenum
334 2241 368 2306 in
389 2239 558 2306 Bacchicis
585 2239 839 2306 solemnitatibus
865 2239 1011 2305 omnibus
1038 2241 1188 2308 indutum
1212 2242 1323 2325 titisse,

160 2355 204 2412 ut·
221 2347 343 2425 lerunt,
373 2349 566 2412 vestimento
591 2345 664 2426 illo,
696 2354 763 2410 toto
792 2368 835 2411 ex
864 2345 995 2411 floribus
1026 2350 1321 2433 contexunt-ot

159 2452 277 2519 Meurs.
294 2450 389 2517 Orch.
404 2474 436 2541 p.
448 2454 499 2517 77.
523 2451 660 2517 Casaub.
674 2451 713 2518 P.
730 2451 764 2517 S.
780 2474 810 2540 p.
826 2453 886 2516 107
902 2450 1017 2518 Ramb.
1280 2456 1284 2465 '

245 2556 391 2622 Alterum
412 2566 638 2646 argumentum
667 2579 709 2622 ex
737 2556 856 2645 clrytris
883 2568 1011 2647 repeto,
1041 2561 1075 2625 in
1102 2556 1229 2649 quibbs'
1245 2582 1332 2629 cum·

158 2664 257 2730 moris
280 2671 374 2742 esset,
396 2662 543 2728 manibus
564 2673 766 2728 mortuorum
788 2672 821 2728 et
835 2661 991 2730 chthoniis
1005 2664 1199 2747 numinibus,
1221 2668 1321 2734 sacri-

159 2767 295 2835 licium
287 2790 320 2832 m
342 2766 412 2834 ollis
434 2769 573 2834 mixtum
593 2765 790 2852 libandin),
818 2769 880 2836 hac
908 2773 1078 2837 occasione
1104 2770 1226 2838 dictum
1248 2796 1323 2840 esse

159 2873 321 2942 Timothei
342 2875 557 2965 fragmentum
578 2884 657 2964 puto
681 2875 720 2941 ab
744 2875 970 2943 Anaxandride
983 2877 1148 2945 Athenaei
1145 2877 1244 2969 X,p
1256 2878 1322 2946 454

159 2983 196 3049 [ι.·
204 2981 302 3049 salse
324 2981 479 3048 derisum:
813 3022 817 3029 -
877 3014 880 3019 ·
1071 3028 1074 3033 -

184 3085 343 3172 ,ἀρτίως
363 3084 585 3175 ὂιηριάμηκεν
606 3091 680 3154 καὶ
687 3088 728 3153 τὰ
748 3094 809 3174 μὲν
826 3090 967 3168 διανεκῆ

186 3238 189 3242 -
221 3191 385 3282 Σώμαιος
406 3197 489 3284 μέρη
511 3191 671 3282 δαμάζετ’
694 3196 729 3260 ἐν
751 3195 971 3284 πυρικτίτοισι
991 3194 1053 3286 γᾶς

196 3312 200 3317 ’
225 3297 394 3386 Τιμόθεος
416 3301 481 3391 ἔφη
503 3298 594 3380 πότ’,
621 3298 748 3388 ἄνδρες,
770 3303 832 3382 τὴν
849 3299 985 3390 χύτραν,
1008 3290 1112 3389 οἶμαι,
1139 3305 1253 3389 λέγων.
1301 3354 1304 3359 -

185 3440 211 3471 ·.=
227 3406 386 3472 ⁴Tertiam
408 3408 547 3498 denique
566 3407 652 3474 hanc
671 3410 829 3476 rationem
847 3432 972 3500 promo,
995 3410 1082 3500 quod
1103 3432 1179 3478 cum
1193 3411 1319 3501 Hyme-

158 3513 231 3580 naei
250 3534 315 3578 non
337 3515 462 3580 tantum
484 3515 721 3582 obitermentio
745 3514 800 3582 liat
817 3517 853 3581 in
874 3515 1080 3605 dithyrambis
1105 3518 1174 3602 (clm
1187 3514 1319 3607 Licym-

156 3620 236 3686 nius.
255 3617 370 3685 Athen.
396 3643 427 3710 p.
444 3621 525 3704 603)
560 3619 618 3686 sed
647 3618 793 3687 Telestos
822 3623 929 3712 etiam·
944 3631 1048 3689 totum
1082 3622 1319 3712 ditlryrambum

156 3725 220 3794 hoc
240 3725 331 3793 titulo
350 3727 564 3815 insigniverit,
591 3725 653 3792 lioc
676 3726 902 3817 argumentum
923 3726 1086 3820 aptissime
1108 3731 1208 3796 sacris
1231 3732 1319 3821 ejus·

157 3833 233 3901 dem
251 3835 325 3899 testi
344 3830 509 3900 cantilenis
532 3833 718 3911 convenerit
739 3856 873 3900 necesse
895 3844 952 3914 est,
973 3836 1094 3924 inquo
1116 3857 1176 3925 per
1194 3845 1318 3902 matro-

155 3962 213 4005 nas
236 3939 389 4007 sacrificio
412 3937 624 4028 precibusque
645 3939 705 4004 rite
727 3941 877 4029 peractis,
906 3942 1026 4027 regina,
1049 3940 1210 4010 arolrontis
1230 3942 1324 4031 regie

192 4189 227 4255 οἵι
246 4186 350 4240 Aetion.
370 4189 400 4241 V.
418 4190 453 4240 H.
472 4190 517 4250 ΙΙΙ,
535 4187 577 4240 40.

192 4275 228 4337 ⁹⁹²)
246 4272 414 4340 Theopomp.
433 4274 586 4327 Sclrol.'Ar.
605 4273 671 4325 Acb.
697 4273 757 4326 965.
778 4273 856 4326 1075.
