2798 4672
102 1304 185 1390 nn
206 1259 724 1389 unumuunonuu
743 1295 964 1389 uuswu
989 1297 1068 1385 uu
1093 1298 1261 1388 conu-

139 1437 339 1528 ccnnu
373 1439 433 1524 uu
459 1436 651 1524 nunus
679 1433 911 1524 sununs
941 1433 1260 1563 causulas

454 1818 567 1886 Eupolis
584 1817 716 1870 Athenaei
734 1815 805 1883 XIV,
823 1834 850 1884 p.
867 1818 929 1871 628.

505 1905 545 1959 X,
563 1907 712 1976 ἧΜουσαῆ
726 1905 826 1977 πρᾶγμ’
842 1911 897 1961 3⁰²²
910 1900 982 1973 βαθῦ
994 1888 1021 1959 vl
1033 1912 1077 1960 nat
1089 1876 1252 1977 adunatis

423 2000 425 2005 .
503 1977 548 2028 ἀεί
557 1996 587 2028 u
600 1976 691 2031 καινὸν
703 1978 841 2042 temptatas
853 1995 879 2027 τι
893 1981 946 2036 τοῖς
958 1979 1072 2028 ἐπινοεῖν
1085 1975 1245 2042 δυναμένοις.

100 2123 340 2265 Dithyrambo
363 2174 507 2243 cholicas
529 2173 621 2240 tibias
644 2173 801 2238 accinisse
821 2173 911 2239 testis
933 2182 983 2239 est
1004 2171 1123 2240 Pollux
1138 2171 1261 2254 wau:

101 2285 135 2347 οἱ
157 2283 192 2347 δὲ
209 2283 338 2369 χορικοὶ
361 2278 483 2367 (αὐλοὶ)
507 2274 972 2367 διθυράμβοιςπροςηύλουν.
1016 2279 1157 2346 Easdem
1168 2277 1261 2345 semia

102 2412 178 2455 neas
201 2413 239 2455 ac
261 2390 407 2456 tensione
430 2387 552 2458 medias
567 2387 663 2453 tradit
677 2385 831 2452 Aristides
845 2386 973 2470 Quinct
991 2386 1031 2452 de
1044 2385 1124 2453 Mus.
1138 2409 1169 2475 p.
1184 2386 1262 2451 101:

101 2495 160 2560 τὸν
181 2497 217 2561 δὲ
236 2496 369 2582 χορικὸν
388 2492 578 2575 θηλύτητος
599 2491 656 2556 διὰ
686 2491 722 2556 τὸ
751 2485 797 2570 εἰς
822 2487 968 2574 ὀξύτητα
995 2487 1129 2578 εὐχερές.
1174 2490 1261 2573 Inde,

103 2602 157 2691 qui
185 2602 295 2690 cycliis
320 2600 429 2667 chon's
459 2601 536 2666 tibia
563 2599 696 2665 modum
728 2600 862 2683 dabant,
896 2600 972 2668 dicti
995 2609 1071 2666 sunt
1097 2593 1263 2685 χοραυλαί

103 2704 259 2789 (Boeckh.
279 2705 380 2794 'Corp
402 2703 499 2770 Inscr.
521 2704 579 2771 Nr.
605 2704 720 2786 1585),
756 2704 797 2770 de
826 2705 940 2794 quibus
974 2704 1067 2793 plura
1100 2704 1175 2770 vide
1209 2727 1260 2793 apa

103 2809 201 2900 Gasp.
228 2809 451 2878 Bartholinum
477 2809 517 2875 de
545 2807 627 2874 tibiis
650 2828 681 2896 p.
702 2810 850 2875 81-87.
900 2809 1000 2876 lidcm
1027 2818 1136 2874 tamen
1165 2813 1262 2876 ctiam

101 2913 226 2983 κύκλιοι
248 2912 392 2997 αὐληταί
414 2924 572 2984 vocantur
592 2914 625 2980 in
646 2913 744 3003 Corp.
765 2913 862 2982 lrscr.
879 2937 927 2979 nr.
944 2915 1037 2997 1586,
1059 2914 1145 2980 unde
1166 2914 1262 2981 tibiae

103 3047 240 3115 quoque,
261 3023 375 3114 quibus
398 3024 449 3088 usi
470 3030 554 3102 sunt,
582 3019 704 3108 cycliae
726 3018 914 3109 appellatae.
957 3017 1098 3110 Hesych.
1120 3018 1262 3084 κνκλεῖω

102 3126 209 3197 αὐλοί.
251 3129 325 3198 Vid.
350 3127 490 3202 Boeckh.
514 3128 554 3194 de
577 3126 668 3195 Metr.
691 3124 784 3193 Pind.
806 3148 836 3214 p.
859 3126 1015 3210 25912').
1064 3125 1189 3194 Verum
1210 3136 1259 3192 ta-

102 3260 177 3302 men
210 3235 354 3302 dubitare
386 3256 577 3324 possumus,
608 3243 716 3299 utrum
747 3229 948 3298 choricarum
985 3232 1054 3298 sive
1087 3231 1263 3320 cycliarum

101 3343 250 3408 tibiarum
288 3341 364 3406 satis
405 3349 556 3406 constans
594 3361 671 3405 usus
709 3336 918 3426 pervaluerit,
957 3358 998 3402 an
1038 3337 1101 3405 alia
1133 3362 1263 3429 quoque

100 3449 249 3514 tibiarum
271 3467 391 3535 genera
409 3446 443 3510 in
466 3442 701 3532 dithyrambicis
728 3441 952 3509 certaminibus
976 3441 1115 3523 admissa
1128 3446 1262 3513 {uelint

102 3555 206 3643 Atque
228 3575 294 3619 non
315 3552 360 3618 ita
380 3559 565 3618 constanter
576 3547 728 3637 χορικοὺς
741 3546 861 3626 αὐλοὺς
876 3548 1031 3616 adhibitos
1046 3552 1155 3634 fuisse,
1175 3549 1263 3617 haud

103 3659 232 3750 oblique
253 3658 386 3748 colligas
409 3679 451 3722 ex
473 3654 631 3746 Amphide
652 3654 809 3724 Athenaei
829 3654 884 3740 lv,
905 3678 937 3746 p.
955 3657 1017 3724 174
1030 3656 1068 3725 Τ.

143 3865 190 3931 ¹²⁷)
208 3863 328 3916 Eduardi
350 3862 484 3930 Kruegeri
509 3859 726 3914 dissertationem
749 3863 806 3929 „de
828 3863 940 3918 Musicia
963 3863 1129 3915 Graecorum
1155 3861 1263 3928 organis

174 3951 246 4003 circa
259 3949 369 4002 Pindari
381 3957 503 4018 tempora
515 3947 682 4002 florentibus.
702 3936 827 4016 Gottingss
836 3950 915 4004 18³0.
924 3945 965 4001 4·'
984 3964 1045 4000 cum
1063 3948 1091 4001 in
1104 3949 1155 4002 hac
1166 3947 1264 4002 biblio-

174 4037 254 4088 theca
273 4035 374 4088 frnstra
388 4035 581 4104 quaesivissem
599 4048 654 4087 non
671 4033 730 4087 sine
746 4033 870 4088 molestia
894 4051 927 4087 ex
946 4033 1078 4102 Gottinga
1101 4035 1165 4089 mihi
1189 4053 1266 4090 com·

175 4122 281 4191 paravi;
308 4120 489 4175 transmittam
513 4127 603 4178 tamen
626 4137 688 4176 mox
704 4121 827 4176 intellexi
845 4122 879 4175 ad
898 4136 972 4177 meos
987 4137 1052 4176 nsua
1070 4120 1138 4177 nihil
1154 4139 1264 4192 prorsas

175 4211 264 4264 valere
282 4224 371 4279 posse.
