2798 4672
200 263 274 336 11=0

198 445 332 534 θατέρᾳ
354 448 412 509 καὶ
432 444 486 509 ἐπὶ
510 444 575 508 τῶν
597 440 774 535 ὁμογιιυῖν.
810 435 883 507 οἷον
904 438 936 507 εἰ
955 439 976 523 ἡ
999 440 1127 532 φιάλη
1154 439 1264 521 ἀσπὶς·
1281 448 1363 513 Διο-

197 550 301 617 νύσου
328 554 385 616 καὶ
408 549 467 615 τὸν
495 548 625 616 άσπίδο
655 545 812 639 ἁρμόττει
839 550 1002 636 λέγεσθαι
1032 547 1186 638 φιάλην
1206 546 1362 638 ’Ἄρευς

198 659 284 747 κτλ,
313 659 440 724 Aristot.
464 656 595 724 Rhetor.
617 657 665 739 lli,
693 661 739 727 ll.
777 651 843 722 οἰσὶ
876 658 912 722 δὲ
945 660 1002 723 καὶ
1031 660 1070 723 ολ
1100 655 1221 735 ἰικόνις
1249 650 1361 747 ὥσπερ

198 766 326 853 εἴρηται
347 766 403 829 καλ
422 765 459 828 ἐν
479 767 547 840 τοῖς
574 761 643 829 άνοι
663 762 716 830 άιὶ
743 760 978 850 otoo-apotome
1000 761 1126 852 τρόπον
1151 763 1228 831 τινά
1255 788 1360 852 μετα-

200 875 314 960 φοραὶ.
358 869 409 936 ἀεὶ
435 868 500 957 γάρ’
528 871 563 935 ἐκ
581 872 674 937 δυοῖυ
696 870 861 954 λέγονται,
891 864 1003 958 οἵσπερ
1030 868 1051 950 ἡ
1074 868 1242 956 άναλόγον
1259 896 1361 958 μισα-

199 977 300 1069 φορά.
344 968 437 1044 οἷον·
461 973 480 1055 ἡ
503 973 604 1054 άσπὶς
627 975 760 1064 (φάμεν)
783 978 854 1044 ἐστι’
875 975 1003 1066 φιάλη
1018 975 1246 1066 ”Apamam
1263 977 1361 1062 τόξον

199 1085 342 1176 φόρμιγξ
363 1081 514 1171 άχορδος.
557 1076 644 1148 οὕτω
665 1088 727 1169 μέν
747 1070 808 1149 οὖν
828 1085 981 1175 λέγουσιν
1012 1082 1072 1171 οὐχ
1095 1085 1239 1167 ἁπλοῦν,
1263 1086 1304 1152 τό
1326 1083 1357 1152 δ’

198 1191 304 1259 εἰπεῖν
337 1191 375 1255 τὸ
407 1185 505 1271 τόξον
539 1186 709 1277 φόρμιγγα
742 1186 766 1270 ἢ
801 1189 860 1270 τὴν
898 1190 1026 1257 ἀσπίδα
1058 1189 1187 1279 (μάλην
1220 1192 1356 1260 ἁπλοῦν.

200 1303 354 1369 Ceterum
385 1296 544 1378 similiter,
576 1305 613 1361 ut
639 1292 744 1382 ᾳιάλη
765 1293 912 1386 Ἄρεως,
941 1303 981 1366 ab
1003 1299 1229 1390 Aristophane·
1244 1298 1358 1368 (ficitur

199 1405 375 1499 ap.·-Athen.
388 1402 433 1486 X,
445 1425 476 1493 p.
488 1402 553 1470 444
568 1403 610 1470 D.
633 1397 715 1483 ἡδύς
734 1416 770 1488 ’γε
791 1403 901 1473 πίνειν
921 1393 1011 1483 οἶνος
1030 1401 1239 1497 Ἀφροδίτης
1262 1401 1357 1492 μάλα.

107 1572 111 1579 .
200 1539 297 1607 quem
318 1513 427 1581 locum
450 1532 511 1599 ego
529 1533 626 1600 aegre
644 1510 824 1579 desideravi
841 1512 926 1602 apud
938 1511 1146 1580 Bartsohium-
1160 1516 1200 1582 de
1216 1512 1357 1582 Chaere·

198 1641 296 1684 mone
318 1641 348 1707 p.
361 1618 413 1699 32,
435 1616 542 1707 quiid
564 1640 667 1707 genas
689 1617 827 1709 plurima
850 1617 1004 1708 collegit·
1032 1619 1129 1687 Hunc
1150 1621 1247 1711 igitur
1269 1621 1356 1689 vide·

198 1725 242 1790 sis
262 1733 295 1790 et
316 1722 451 1790 Meinek.
475 1722 556 1790 Hist.
579 1723 658 1790 Crit.
677 1746 707 1814 p.
725 1725 799 1791 286.
828 1724 955 1792 Comm.
978 1724 1004 1792 F
1006 1748 1105 1816 ragno
1125 1726 1163 1793 T.
1178 1725 1216 1810 Π,
1234 1751 1267 1818 p.
1287 1726 1356 1795 764

198 1868 241 1879 -
262 1829 453 1921 Comparari
477 1833 546 1922 jam
572 1826 903 1921 Schweighaeuserua
921 1835 1018 1924 jussit
1039 1832 1195 1900 Demetr·
1214 1833 1256 1901 de
1279 1828 1359 1903 eloe!

198 1936 412 2026 §.LXXXV
433 1936 596 2021 schneid„
618 1960 715 2028 quem
738 1938 778 2005 ad
798 1936 910 2006 locum
929 1939 1039 2005 nescio
1064 1962 1126 2031 quo
1138 1940 1360 2032 jureschnei-

200 2047 296 2113 demo
325 2047 491 2113 annotavit
512 2046 744 2136 fragmentum:
778 2039 946 2133 φόρμιγγα
968 2040 1112 2132 άχορδου
1133 2070 1206 2114 esse
1228 2038 1359 2141 Theop

198 2154 281 2221 nidis
304 2151 541 2242 dithyrambici
547 2151 589 2237 (λ)
611 2160 736 2242 poetae.
781 2151 834 2221 De
856 2154 958 2220 forma
980 2152 1116 2243 phialae,
1138 2162 1232 2220 scuto
1255 2150 1354 2301 sipili,

198 2261 273 2328 vide
293 2259 445 2327 Buhlium
468 2256 509 2324 ad
530 2258 691 2329 Aristotel
711 2257 731 2324 l.
749 2257 769 2324 Ι
971 2278 974 2283 ·

762 2447 792 2511 5.

243 2575 375 2659 Μνῆμα
403 2578 466 2656 μὲν
483 2566 603 2646 Ἑλλάς
625 2563 732 2638 §aad
757 2568 966 2656 lz'ipma'riovs
993 2568 1094 2638 ὀστέα
1121 2571 1155 2638 δ’
1181 2576 1267 2663 ἴσχει
1291 2604 1295 2609 ·
1323 2594 1326 2601 ·
1356 2604 1360 2613 ·

328 2683 362 2746 Γ
357 2678 377 2758 ἤ
400 2672 583 2743 Μακεδών·
607 2665 630 2768 ᾗ
650 2675 712 2765 γάρ
733 2677 851 2758 δέξατο
873 2679 976 2764 τέρμα
998 2678 1086 2763 βίου.

243 2787 375 2874 Πατρὶς
398 2781 430 2847 δ’
455 2779 617 2861 Ἑλλάδος
634 2781 757 2862 Ἑλλάς
775 2780 948 2865 Ἀθῆναι·
977 2791 1092 2864 artiga
1116 2788 1151 2852 or
1175 2784 1320 2869 Μούσας·

331 2893 466 2978 ’λ’ἑρψας
485 2892 521 2956 ἐκ
542 2892 675 2958 πολλῶν
694 2895 753 2959 καὶ
778 2892 838 2958 τὸν
859 2890 997 2959 ἔπαινον
1019 2892 1090 2979 ἔχει.

200 2998 329 3068 Anthol.
358 2998 459 3066 Palat
488 2997 556 3082 VH,
583 3021 615 3089 p.
629 2999 681 3066 45.
732 3000 891 3088 Anonym.
919 3003 1022 3092 Biogr.
1054 3002 1162 3093 Earip.
1194 3020 1237 3067 ex
1267 3000 1354 3070 codo

199 3107 315 3199 colleg.
339 3106 484 3173 Ambrae.
508 3105 558 3173 ed.
590 3105 630 3173 ab
651 3105 807 3198 Elmslejo
837 3106 869 3174 in
899 3106 1018 3175 Bacch.
1041 3108 1150 3198 Eur-ip.
1172 3130 1202 3198 p.
1226 3109 1290 3176 174
1311 3107 1355 3177 ed.

200 3214 287 3305 Lips.
323 3208 535 3300 Κινυσάιμιον
560 3210 596 3276 δὲ
626 3207 731 3276 αὐτοῦ
761 3213 797 3277 ἐν
822 3209 1020 3303 Ἀθήνησιν
1047 3214 1178 3297 ἐγένετο·
1202 3216 1261 3278 καλ
1292 3214 1357 3283 ἕνα·

201 3317 383 3407 γράμματα
399 3320 620 3407 ἐπεγέγραπτο
641 3318 848 3387 Θουκυδίδου
871 3321 929 3385 τοῦ
943 3316 1183 3408 ἱςορισγράφοο
1198 3320 1358 3401 ποιῆσον·

201 3450 257 3504 τος
283 3422 305 3506 ἢ
331 3428 505 3510 Τιμοθέου
526 3429 586 3492 τοῦ
606 3427 796 3513 μελοποιοῦ.
820 3426 934 3494 Thom.
950 3428 991 3494 M.
1008 3429 1062 3494 vit.
1077 3428 1186 3517 Eurip.

287 3560 317 3600 v.
343 3536 369 3600 l.
401 3533 534 3622 Μυάμα
562 3533 733 3625 Antholog.
756 3571 799 3583 -
817 3530 939 3611 Ἑλλάς
967 3526 1098 3622 ἅπασα]
1130 3532 1266 3603 Graecis
1295 3534 1359 3604 elo·

201 3643 287 3710 cutio
308 3643 522 3708 usitatissima.
564 3640 757 3732 Xenophan.
781 3665 830 3732 ap.
849 3639 920 3707 Aah.
936 3639 994 3722 XI,
1009 3665 1040 3731 p.
1053 3640 1117 3707 638
1130 3640 1165 3707 F.
1187 3640 1249 3706 τοῦ
1271 3642 1360 3718 κλέος

198 3747 347 3818 Ἐλλάδα
370 3746 485 3813 πᾶσαν
506 3744 671 3832 ἀφέξεται.
716 3746 889 3838 Menophil.
913 3747 1066 3814 Damaso.
1087 3770 1137 3838 ap.
1161 3747 1251 3815 Stob.
1276 3748 1358 3816 Flor.

200 3883 231 3949 p.
247 3860 308 3925 271
334 3854 423 3923 Grot.
454 3851 603 3922 ἀπώλετο
632 3851 668 3919 δ’
695 3851 818 3931 ‘harag
838 3846 966 3920 άπασα.
1010 3854 1196 3921 Nicomach.
1221 3876 1272 3944 ap.
1296 3852 1360 3923 He·

201 3963 324 4056 phaest.
352 3985 382 4051 p.
401 3961 449 4027 14.
485 3951 582 4037 οὗτος
610 3957 652 4039 δή
685 3984 739 4027 σοι
774 3960 794 4025 ὀ
824 3958 950 4037 κλεινὸς
976 3956 1032 4025 ἀν’
1059 3957 1211 4029 Ἐλλάδα
1246 3962 1362 4029 πᾶσαν

200 4066 350 4138 Ἀπολλό
371 4071 375 4156 λ
394 4071 516 4154 Δυρος.
559 4068 714 4137 Simonid.
743 4069 856 4158 fragm.
881 4066 982 4149 CLX,
1002 4090 1032 4159 p.
1050 4071 1118 4135 156.
1153 4067 1359 4137 Schneidew.

201 4164 299 4254 οὗτος
317 4170 544 4259 Ἀδειμάντου
564 4172 674 4242 κείνου
695 4171 817 4261 ropac,
850 4169 890 4239 ὃν
919 4174 977 4238 δίο
1007 4175 1100 4241 πᾶσα
1119 4173 1244 4253 Ἑλλάς
1272 4176 1362 4241 λλον-

200 4285 323 4373 aptae
352 4280 528 4369 ἀμφέθετο
560 4284 716 4368 ςέμανον.
774 4283 839 4351 (Ἰν.
874 4281 1027 4351 Aadooid.
1058 4283 1153 4372 Myst.
1183 4306 1213 4375 p.
1233 4284 1284 4365 18,
1311 4282 1360 4349 34.
