2798 4672
1157 241 1232 315 175

74 430 132 486 cst
175 420 298 488 Verum
320 431 428 487 tamen
446 423 517 510 ipsa
537 422 569 486 in
594 420 729 487 Graecia
751 430 878 508 praeter
892 421 1088 512 Delphicum
1109 421 1232 489 cultum

73 527 193 591 rariora
215 526 310 617 hujus
332 527 454 595 Bacchi
476 525 588 591 solaris
612 535 740 593 exstant
768 527 912 615 vestigia.
954 528 1093 595 Exstant
1113 539 1231 594 tamen.

72 631 228 698 Elecnses
260 643 372 699 auctor
392 633 498 720 Etym.
521 631 564 698 M.
592 632 687 698 tradit
715 631 854 696 eundem
884 632 1022 701 coluisse
1050 634 1233 724 Dionysum

72 748 170 825 atquc
193 738 312 804 Solem.
345 733 505 814 Διόνυσος
527 737 618 823 παρὰ
637 741 710 813 soie
735 733 876 813 Ἠλείοις
898 735 916 803 ὁ
938 739 1038 815 αὐτὸς
1059 739 1104 829 τῷ
1128 737 1232 829 Ἡλίῳ

71 845 238 908 καλεῖται·
273 867 335 932 quo
365 868 439 910 curn
470 847 509 911 cf.
539 843 622 910 Plut.
653 844 764 932 Symp.
792 843 850 925 36,
884 847 938 934 qui
968 844 1052 911 hanc
1080 845 1232 929 Eleorum

72 946 242 1016 mulierum
263 952 404 1016 servavit
423 951 629 1017 cantilenam:
646 947 791 1029 Έλθεῑν,
809 942 921 1034 Ἥρως
943 947 1081 1014 Διόνυσε
1101 948 1232 1038 listron

72 1058 104 1134 ἐς
134 1054 218 1119 ναὸν
249 1051 351 1143 ἁγνόν
377 1058 381 1143 I
407 1056 470 1123 σὺν
504 1054 709 1142 Χαρίτεσσιν
746 1056 779 1132 ἐς
811 1053 895 1119 ναόν
919 1056 924 1142 I
948 1055 993 1143 τῷ
1033 1057 1117 1144 βοέῳ
1151 1057 1240 1145 nott

72 1158 170 1227 θύων
188 1164 192 1249 I
213 1158 282 1242 ἄξιε
304 1163 413 1247 ταῦρε,
433 1163 438 1250 Ι
458 1159 527 1243 ἄξιε
550 1164 658 1248 ταῦρε.
703 1163 767 1231 Cir.
789 1161 928 1229 Koester
950 1185 1047 1229 carm.
1060 1184 1144 1253 pop.
1175 1162 1230 1229 Gr.

71 1292 103 1359 p.
116 1270 168 1350 41,
189 1269 241 1334 42.
271 1267 426 1335 Welcker
439 1270 526 1335 add.
547 1293 577 1359 p.
597 1271 666 1335 190.

156 1373 208 1440 De
235 1373 337 1441 Deliis
362 1376 449 1441 idem
477 1376 574 1442 habet
602 1375 708 1462 Etym.
731 1373 815 1441 Gud.
850 1371 1009 1452 Διόνυσος
1038 1375 1133 1462 ιιοιροὶ
1163 1377 1232 1453 τοῖς
1352 1430 1356 1439 ,

73 1479 204 1559 Δηλίοις
226 1476 245 1544 ὁ
267 1477 368 1557 αὐτὸς
396 1482 440 1570 τῷ
459 1477 560 1571 Ἡλίῳ
590 1480 765 1565 νομίζεται.
808 1480 959 1572 Denique
988 1483 1021 1548 in
1036 1484 1232 1560 ⁴unirersum

73 1596 155 1653 auct.
177 1609 242 1676 arg.
266 1586 360 1653 Dem.
384 1588 458 1655 Mid.
482 1588 551 1678 psl
573 1588 693 1655 Buttm.
727 1590 785 1651 καὶ
807 1587 852 1676 τῷ
881 1589 1014 1653 νικῶντι
1035 1590 1170 1676 τρίπους
1192 1587 1231 1655 τὸ

71 1677 186 1757 ἆθλον
208 1679 258 1771 ἦν,
280 1692 393 1772 ἐπειδὴ
418 1692 476 1758 τὸν
498 1689 602 1759 αὐτὸν
618 1687 739 1758 Ἥλιον
759 1697 817 1758 καὶ
842 1691 1047 1777 Ἀπόλλωνα
1067 1699 1125 1760 καὶ
1154 1693 1231 1763 Διό·

57 1803 174 1862 'vocor
201 1795 314 1887 ᾤοντο.
401 1803 476 1866 Jam
503 1824 581 1867 vero
613 1802 647 1867 in
678 1823 798 1888 magna
827 1801 964 1868 Graecia
990 1801 1042 1867 hic
1064 1802 1231 1892 Dionysus

69 1905 263 1995 ubicumque
287 1905 433 1970 occurrit.
476 1905 550 1970 Fuit
570 1907 602 1970 in
619 1904 727 1971 Sicilia
746 1905 830 1970 Solis
851 1906 955 1971 cultus
976 1906 1231 1990 florentissimus

71 2021 103 2075 et
125 2013 193 2078 sine
217 2011 313 2077 dubio
336 2010 510 2076 admodum
532 2021 636 2090 vetus,
660 2015 711 2078 cui
730 2014 798 2101 jam
821 2035 862 2076 ex
878 2010 1012 2081 Homeri
1033 2013 1140 2085 sabula
1156 2013 1229 2098 (Od.

68 2115 142 2198 XII,
159 2119 234 2200 262)
257 2114 380 2183 mirilici
407 2116 508 2180 boves
537 2127 762 2205 pascerentur,
794 2139 874 2204 quos
904 2117 1021 2205 cuique
1047 2118 1231 2184 mortalium

69 2232 126 2287 aut
147 2222 277 2288 laedere
298 2231 353 2287 aut
373 2220 542 2287 immolare
564 2221 655 2287 nefas
677 2220 856 2288 haberetur.
902 2222 951 2289 Cf.
972 2221 1118 2289 Eustath.
1140 2222 1174 2290 Il.
1198 2218 1230 2288 α’

67 2329 121 2408 ll,
139 2351 170 2415 p.
183 2327 234 2406 36,
259 2329 298 2392 18
319 2327 413 2393 Ilorn.
456 2326 567 2416 Itaquc
589 2350 654 2392 non
680 2328 778 2393 modo
808 2328 907 2394 boves
931 2328 998 2394 Soli
1022 2333 1139 2396 sacrati
1159 2332 1230 2399 lue-

69 2443 158 2512 runt,
197 2434 255 2499 sed
272 2478 274 2483 -
289 2435 389 2521 ipsius
423 2435 518 2499 etiam
549 2435 657 2522 imago
691 2435 795 2524 capite
834 2437 957 2502 taurino
996 2438 1230 2525 repraesentari

69 2538 207 2620 solebat,
241 2542 385 2629 quamvis
417 2540 449 2604 in
482 2540 586 2604 numis
618 2541 815 2630 picturisque
845 2540 902 2606 bos
933 2542 1058 2608 additus
1090 2543 1230 2633 Apollini

69 2667 198 2733 perraro
223 2655 377 2710 occurrat.
421 2645 469 2711 Cf.
495 2645 641 2712 Gerhard
664 2647 799 2713 Arrrcrl.
831 2647 968 2715 Vareni.
991 2647 1070 2715 Tab.
1089 2647 1227 2716 XXXII.

68 2749 148 2833 Gori
172 2750 253 2815 Illus.
280 2751 405 2817 Etrusc.
426 2750 449 2832 I,
471 2751 524 2831 33,
546 2753 575 2817 2.
612 2751 758 2818 Gerhard
784 2752 897 2819 Prodr.
918 2777 948 2842 p,
970 2753 1038 2818 133.
1082 2743 1227 2837 Bacchus

67 2879 146 2922 vero
167 2855 294 2922 Italicus
322 2856 513 2945 plerumque
541 2857 732 2923 tauriformis
759 2858 962 2946 pingebatur,
996 2860 1064 2924 sive
1092 2861 1227 2928 artifices

71 2956 196 3045 taurino
220 2964 347 3051 corpori
368 2961 543 3028 humanam
565 2964 679 3028 facicm
701 2963 911 3051 imponerent,
934 2965 1003 3029 sive
1024 2963 1165 3030 humano
1188 2991 1227 3032 ac

65 3067 201 3158 juvenili
222 3069 349 3158 corpori
369 3066 447 3133 nihil
468 3070 528 3134 nisi
544 3092 664 3134 cornua
680 3069 841 3134 adderent.
884 3068 925 3136 V.
946 3069 1066 3158 Spanh.
1082 3070 1118 3136 P.
1131 3072 1171 3139 V.
1184 3072 1225 3139 N.

68 3195 99 3261 p.
121 3174 193 3239 355.
218 3164 360 3263 ''Grysau
382 3173 404 3240 l.
428 3173 448 3238 l.
470 3198 501 3264 p.
524 3175 575 3241 38.
608 3174 647 3240 R.
670 3173 809 3241 Lorcntz'
831 3172 851 3238 l.
875 3197 901 3240 c.
923 3197 954 3265 p.
979 3177 1027 3241 10.
1077 3176 1172 3245 Unde
1195 3188 1227 3244 et

67 3279 154 3366 apud
173 3280 295 3367 Poetas
316 3280 443 3367 saepius
467 3281 554 3346 audit
575 3276 782 3367 ταυρογινής,
797 3278 970 3368 βουγενής,
992 3281 1226 3370 ταυρόμορφος

66 3394 156 3466 cett,
186 3396 217 3450 et
245 3388 278 3450 iu
305 3386 437 3475 picturis
465 3385 545 3451 <leus
573 3410 647 3452 curn
669 3397 761 3452 tauro
789 3410 854 3453 non
882 3409 953 3453 raro
977 3388 1115 3457 obvenit.
1158 3391 1223 3457 Cf.

66 3487 214 3557 Gerhard
235 3492 370 3558 Aaacrl.
398 3491 536 3558 Vaccula
557 3492 637 3558 Tab.
654 3490 794 3559 XXXII.
809 3492 867 3576 IX,
896 3517 971 3560 cunr
993 3505 1058 3562 not
1080 3507 1113 3565 et
1136 3498 1224 3566 Ber-

65 3596 131 3662 lino
153 3599 233 3663 Ant.
255 3599 373 3664 Bildw.
396 3621 427 3664 ιι.
450 3602 532 3664 648.
786 3663 789 3667 .

147 3702 180 3786 3)
207 3704 305 3788 Quod
326 3705 353 3770 si
376 3728 417 3771 ex
438 3701 500 3769 hac
531 3706 769 3793 comparatione
792 3705 954 3776 Plutarch.
975 3708 996 3776 l.
1017 3709 1037 3776 l.
1067 3700 1141 3776 cum
1163 3732 1224 3776 nu-

62 3808 149 3873 mine
170 3807 323 3877 Italorum
345 3808 504 3878 Bacchico
526 3807 560 3875 in
573 3820 693 3897 aperto
718 3818 783 3892 est,
814 3814 901 3902 quod
924 3815 1004 3896 dixi,
1033 3814 1224 3901 dithyrambi

63 3922 159 4002 atque
180 3938 317 4005 magnae
340 3915 496 3982 Graeciae
517 3914 701 4004 Dionysum
723 3917 862 3984 eundem
884 3942 970 3999 esse,
1002 3918 1048 3984 rei
1074 3917 1223 4008 probabi-

61 4015 133 4084 litas
158 4042 196 4085 eo
220 4024 317 4087 etiam
339 4023 441 4113 magis
464 4022 640 4112 augebitur,
664 4023 759 4113 quod,
780 4046 854 4089 cum
875 4024 1032 4112 tragicum
1044 4026 1223 4111 praemium

62 4121 186 4207 hircus,
216 4129 375 4194 comicum
398 4126 551 4218 amphora
573 4129 642 4196 sive
666 4128 751 4195 diota
774 4130 869 4195 luerit
891 4117 1115 4212 constitutum,
1143 4133 1222 4198 soli

60 4231 97 4295 iu
121 4231 411 4322 dithyrambico
435 4235 655 4303 certamine
684 4235 833 4304 victori
861 4234 974 4330 bovis
1005 4239 1221 4326 praemium
