2798 4666
112 449 144 505 et
164 437 409 506 Anaxandrides
430 440 464 505 in
486 438 629 508 Aeschra

175 581 216 593 -
260 581 304 592 -
347 582 388 595 —
431 541 867 634 ε’νιιυρικιίτοισιμὰς
1247 608 1266 612 ,.

180 644 350 737 Τιμόθεος
371 648 436 737 ἔφη
457 647 549 734 πότ’,
579 647 706 741 ἄνδρες,
729 648 790 729 τὴν
809 645 946 738 χύτραν,
969 637 1074 735 οἶμαι,
1097 653 1210 736 λέγων.
1265 714 1267 718 .

113 757 178 825 cfr.
202 757 242 824 de
264 755 318 837 his¹
336 766 368 823 et
389 757 604 826 subtilioribus
627 761 723 826 etiarn
745 757 919 846 lyricorum
947 766 1116 846 poetarum
1135 759 1273 848 ineptiis,

113 885 132 929 a
162 864 303 930 Cornicis
337 864 448 931 derisis
480 864 675 932 Meinekium
708 865 749 931 de
785 863 910 930 mediae
944 863 1132 930 comoediae
1166 863 1274 931 indole

111 969 341 1061 disputantem,
371 971 405 1036 in
435 968 544 1037 histor.
574 975 640 1038 crit.
668 993 699 1060 p.
721 970 786 1036 285
808 993 893 1060 sqq.,
917 968 979 1035 ubi
1010 971 1051 1059 (p.
1074 971 1151 1055 278)
1179 969 1275 1036 simul

109 1075 188 1143 illud
208 1099 286 1167 prae
309 1077 423 1142 ceteris
445 1084 538 1167 putat
559 1075 880 1142 commemorandum
899 1074 1007 1164 „quod
1029 1098 1068 1142 ea
1089 1077 1157 1145 fere
1178 1098 1273 1166 argu·

111 1192 221 1249 menta
241 1181 394 1272 singulari
416 1206 491 1251 cum
513 1181 618 1249 studio
648 1185 717 1274 ejus
740 1184 852 1248 aetatis
879 1190 996 1271 poetae
1022 1181 1082 1249 sibi
1107 1180 1275 1249 tractanda

112 1290 325 1378 sumpserint,
357 1311 440 1379 quae
472 1288 607 1356 aliorum
636 1297 806 1379 poetarum
838 1288 1044 1379 maximeque
1077 1289 1275 1379 tragicorum

113 1396 255 1463 carmina
278 1395 419 1485 quodam
442 1396 532 1485 quasi
557 1394 710 1485 parodiae
738 1393 813 1466 lusu
840 1393 1060 1476 traducerent,
1091 1403 1124 1460 et
1151 1392 1275 1461 tabulas

114 1501 153 1569 ab
176 1502 312 1593 antiquis
334 1503 438 1591 poetis
466 1502 598 1568 traditas
627 1500 668 1568 ad
688 1500 797 1567 lusum
814 1502 991 1592 jocumque
1014 1499 1274 1593 detorquerent.‘’

113 1608 178 1675 cfr.
200 1618 378 1700 praeterea,
401 1631 484 1701 quae
504 1631 536 1699 p.
558 1610 622 1674 279
645 1608 685 1675 de
703 1606 881 1696 Hermippo
904 1605 989 1673 dicit.

197 1820 249 1886 Ex
277 1819 450 1887 harmoniis
488 1820 694 1910 dithyrambis
724 1821 867 1910 Phrygia
900 1820 1064 1908 aptissima
1090 1819 1277 1901 habebatur,

113 1927 217 1992 nornis
239 1923 352 2015 Lydia.
385 1926 492 1994 Procl.
511 1926 691 1994 Chrestom.
710 1949 741 2016 p.
756 1926 820 1991 419
835 1949 882 2016 sq.
907 1924 1005 2014 (Lips.
1022 1927 1125 2010 1832).
1147 1921 1188 1990 οδ
1209 1922 1277 2010 μὴν

114 2029 200 2096 ἁλλὰ
221 2035 279 2096 καὶ
300 2034 373 2109 ταῖς
395 2029 573 2120 ἁρμονίαις
591 2027 722 2109 οἰκείοις
743 2028 891 2118 ἱκὰτερος
916 2030 1048 2118 χρῆται.
1091 2027 1110 2095 ὁ
1131 2035 1193 2116 μὲν
1214 2029 1278 2115 μὰρ

113 2136 173 2204 τὸν
192 2135 340 2224 Φρύγιον
361 2143 418 2204 καὶ
440 2135 648 2228 ὑποφρύγιον
669 2135 863 2226 ἁρμόζεται·
886 2134 1021 2223 ὁνόμος
1039 2137 1073 2203 δὲ
1093 2139 1136 2227 τῷ
1156 2134 1279 2217 συστή-

115 2267 197 2332 ματι
221 2245 264 2334 τῷ
286 2245 352 2310 τῶν
373 2247 578 2335 κιθαρῳδῶν
599 2246 724 2336 Λυδίῳ.
756 2244 944 2311 Aristoteles
967 2245 1061 2313 Polit.
1081 2245 1162 2327 Vlll,
1185 2249 1215 2327 7,
1239 2245 1279 2310 12

116 2353 276 2440 (μ1342).
300 2344 373 2420 οἷον
395 2350 414 2418 ὁ
436 2354 652 2440 διθύραμβος
673 2350 964 2437 ὁμολουγουμένοις
978 2339 1064 2416 εἶναι
1080 2351 1172 2416 δοκεῖ
1185 2347 1280 2439 Φρύ-

114 2480 198 2547 μιον.
248 2459 313 2526 Cir.
341 2459 591 2528 Boeckhiusad
618 2459 744 2526 Platon.
768 2458 842 2526 Min.
865 2480 895 2547 p.
917 2459 960 2523 26
984 2468 1016 2525 et
1037 2458 1129 2527 dMP.
1152 2482 1183 2548 p.
1205 2458 1278 2524 239.

113 2565 224 2656 ltaque
246 2565 421 2655 Phrygiam
449 2567 650 2634 harmoniam
677 2588 754 2656 prae
783 2565 898 2632 ceteris
920 2563 1031 2632 laudat
1053 2565 1199 2632 Telestes
1229 2589 1279 2656 ap.

115 2670 230 2736 Athen.
252 2669 342 2751 XIV,
363 2692 394 2759 p.
417 2674 480 2736 617
502 2672 542 2752 Β,
568 2672 658 2752 XlV,
680 2695 711 2759 p.
734 2673 797 2736 626
819 2676 857 2738 Α.
907 2672 1143 2738 Admittebatur
1172 2681 1280 2738 tamen

117 2778 213 2844 etiam
228 2774 411 2858 Doria¹⁸²)
436 2775 613 2857 harmonia3
637 2798 719 2865 quae
735 2784 843 2843 tamen
859 2776 1065 2865 dithyrambis
1084 2786 1150 2842 tam
1167 2800 1281 2866 parum

118 2893 187 2951 erat
215 2891 304 2972 apta,
332 2889 368 2946 ut
387 2879 586 2947 Philoxenus
610 2904 709 2971 quum
729 2881 866 2967 δωριστὶ
888 2905 1083 2973 componere
1106 2881 1279 2972 dithyram-

117 2989 194 3056 bum
210 2987 317 3069 vellet,
336 2987 454 3053 invitus
468 2988 501 3053 in
512 2985 690 3078 Phrygium
706 2989 839 3056 modum
853 2989 1059 3079 abriperetur.
1083 2988 1210 3053 Aristot.
1223 2987 1243 3054 l.
1257 2987 1278 3053 l.

116 3096 268 3162 Attamen
295 3092 495 3160 Simonidem
526 3097 645 3162 scimus
683 3095 890 3186 dithyrambis
918 3094 1052 3160 Doriam
1078 3092 1279 3160 harmoniam

117 3200 390 3269 accommodasse.
441 3200 558 3269 Varios
588 3201 702 3269 modos
735 3202 927 3269 carminibus
955 3202 1021 3266 suis
1048 3208 1160 3290 poetas
1190 3197 1279 3266 adhi-

115 3309 223 3375 buisse
246 3306 493 3398 dithyrambicos
515 3331 574 3398 per
594 3333 630 3375 se
652 3316 740 3399 patet
762 3331 804 3373 ex
825 3307 874 3373 his
897 3330 979 3397 quae
1001 3329 1098 3396 supra
1122 3305 1161 3371 de
1177 3329 1279 3390 μετοι-

116 3414 202 3506 βολῇ
222 3410 384 3499 ἁρμονίας
406 3412 653 3504 disputavimus;
675 3402 732 3481 sed
756 3413 873 3480 diserte
895 3420 1029 3479 testatur
1042 3411 1128 3479 idem
1143 3412 1280 3503 Dionys.

119 3520 223 3587 Halic.
245 3520 285 3586 de
307 3518 422 3609 Comp.
445 3518 565 3588 Verbb.
587 3544 617 3611 p.
645 3521 702 3585 131
727 3519 835 3587 Reisk.
857 3522 899 3609 (p.
921 3519 986 3584 262
1005 3518 1156 3604 Sabaei).
1189 3522 1222 3584 ot
1243 3519 1280 3584 δέ

119 3650 155 3711 με
183 3625 472 3713 διθυραμβοποιοὶ
499 3627 556 3689 καὶ
584 3625 661 3702 τούς
687 3620 830 3714 τρόπους
855 3626 1059 3710 μετέβαλλον
1080 3623 1225 3712 Δωρίους
1245 3648 1280 3690 τε

120 3734 178 3796 καί
192 3731 359 3818 Φρυγίους
373 3731 430 3795 καὶ
441 3728 587 3806 Λυδίους
609 3731 644 3796 ἐν
667 3730 711 3820 τῷ
734 3729 848 3822 [αὐτῷ]
872 3728 1001 3822 ᾅσματι
1022 3732 1202 3814 ποιοῦντες,
1223 3735 1281 3798 καὶ

121 3836 182 3912 τὰς
198 3835 361 3919 μελιιδίας
377 3832 585 3917 ἐξήλλαττον,
608 3833 681 3900 τότε
697 3841 759 3923 μὲν
774 3838 989 3926 ἐναρμονίους
1007 3836 1185 3917 ποιοῦντες,
1208 3835 1282 3904 τότε

119 3943 155 4010 δέ
174 3943 415 4029 χρωματικούς,
447 3938 520 4006 τότε
546 3942 582 4006 δὲ
612 3941 798 4019 διατόνους.
835 3945 891 4007 καὶ
922 3947 989 4021 τοῖς
1018 3946 1166 4034 ῥυθμοῖς
1194 3954 1280 4012 κατα

120 4043 375 4128 αυλλὴνδίδειαν
391 4043 666 4128 ἐνεξουσιάζοντες
683 4048 856 4115 διετέλουν.
891 4047 980 4136 οἵγε
1003 4049 1043 4128 δὴ
1065 4050 1151 4116 κατὰ
1177 4050 1279 4120 ‹natt-

159 4281 206 4346 132)
225 4281 306 4334 Falso
318 4279 428 4334 Psoron
442 4275 469 4329 in
481 4277 573 4333 Lexio.
587 4279 667 4333 Tom.
677 4281 698 4335 1.
708 4297 734 4348 p.
745 4280 798 4335 trs
809 4282 925 4346 „immor
937 4282 965 4334 tn
974 4281 1148 4352 pbryytsclter
1162 4288 1281 4343 Weioe.''
1312 4321 1316 4330 ι

1015 4373 1080 4438 18*
