2798 4672
1143 238 1218 314 185

60 417 174 508 goedia
211 417 415 486 ellloruisset.
468 416 496 484 ll
530 425 641 484 contra
678 415 742 485 hoc
770 420 853 486 inter
885 428 1056 510 utrumque
1089 442 1219 487 carmen

62 525 242 591 discrimem
263 547 330 591 non
351 525 431 591 tanti
452 527 607 590 momenti
629 525 702 606 luit,
734 525 810 614 quin
840 526 910 614 ipse
931 547 1045 593 recens
1071 528 1220 594 invectus

62 630 280 719 dithyrambus
303 631 506 720 cupidissime
536 632 575 697 ab
604 629 652 697 his
674 630 876 721 potissimum
897 633 1115 723 Peloponnesi
1141 635 1220 700 cirid
1282 649 1294 661 ²

60 737 178 802 tatibus
192 740 391 826 arriperetur,
414 737 568 826 quaesibi
582 736 701 825 lyricae
719 738 905 826 tragoediae
921 741 1071 805 inventae
1085 739 1220 829 gloriam

59 842 149 908 nullo
176 845 279 909 modo
311 843 350 908 ab
375 841 449 909 [aliis
481 844 560 932 eripi
581 843 728 932 gentibus
757 852 865 910 essent
890 847 1076 934 passae'tt.
1129 845 1220 928 Quos

60 950 144 1014 inter
175 949 331 1039 imprimis
363 949 534 1037 Sicyonios
563 950 710 1031 nomino,
750 951 805 1039 qui
833 972 899 1015 non
931 949 1028 1015 modo
1058 950 1221 1016 invenisse

63 1078 135 1121 sese
160 1054 293 1144 lyricam
323 1054 523 1144 tragoediam
551 1053 778 1144 gloriarentur,
814 1054 872 1121 sed
903 1054 1083 1144 Epigenem
1115 1056 1222 1137 etiam,

63 1177 224 1228 summum
244 1163 278 1226 in
298 1161 362 1226 hoc
381 1159 489 1250 poesis
505 1182 632 1248 genere
656 1159 755 1227 decus
784 1160 906 1227 civibus
937 1159 1221 1251 autpopularibus

63 1267 128 1333 suis
156 1267 418 1334 adnumerarent:
450 1263 593 1332 Boeckn
625 1266 746 1333 Oecon.
778 1265 908 1347 Ath.'ll,
936 1289 967 1356 p.
989 1267 1123 1351 363⁷⁸t
1175 1269 1224 1336 Ac

65 1372 106 1438 de
136 1371 236 1460 lyrica
278 1373 407 1463 quidem
436 1371 663 1458 Sicyoniorum
694 1372 861 1461 tragoedia
892 1371 984 1438 locus
1016 1374 1149 1462 insignis
1176 1384 1225 1439 est
1325 1426 1328 1431 .

64 1477 230 1561 Herodoti,
250 1481 378 1567 saepius
400 1475 454 1543 ille
476 1478 509 1542 in
531 1479 750 1545 testimonium
771 1478 949 1544 advocatus
970 1477 1013 1557 V,
1026 1480 1077 1544 67.
1116 1475 1167 1541 Τοί
1188 1478 1225 1542 δὲ
1308 1515 1312 1526 .

65 1582 106 1663 δὴ
125 1580 210 1648 ἄλλα
234 1586 267 1649 οἱ
288 1579 467 1649 Σικυώνιοι
486 1581 608 1667 ἐτίμων
635 1584 695 1648 τὸν
714 1583 902 1671 Ἄδρηστον
928 1585 986 1648 καὶ
1015 1583 1056 1664 δὴ
1080 1584 1161 1671 πρὸς
1182 1587 1225 1648 τοί

66 1688 187 1763 πάθεα
209 1687 314 1756 αὐτοῦ
334 1690 519 1778 τραγικοῖσι
537 1693 668 1778 χοροῖσι
688 1691 866 1781 ἐγέραιρον.
900 1688 959 1755 τὸν
980 1688 1226 1775 μέν’Διόνοσον

66 1793 107 1863 οὐ
128 1798 300 1884 τιμέοντες
327 1796 388 1861 τὸν
415 1797 451 1859 δὲ
470 1791 677 1881 Ἄδρηστον,
724 1796 933 1874 Κλεισθένης
960 1796 996 1860 δὲ
1019 1795 1138 1885 χοροὺς
1164 1803 1227 1883 μὲν

67 1904 112 1994 τῷ
132 1899 281 1993 Διονύσῳ
303 1898 486 1979 ἀπέδωκεν,
513 1897 575 1978 τὴν
596 1900 631 1965 δὲ
653 1897 757 1979 ἄλλην
777 1901 910 1979 θυσίην
939 1900 984 1989 τῳ
1006 1901 1227 1993 Μελανίππῳ.

68 2012 123 2078 cfr.
149 2011 258 2077 Odofr.
270 2009 444 2077 Muellerus
466 2006 567 2093 Epist.
591 2016 665 2073 ante
685 2005 769 2093 lbyc.
792 2000 905 2095 fragm.
927 2006 999 2072 coll.
1021 2007 1226 2076 Schneidew.

66 2141 98 2209 p.
110 2115 166 2183 Xl.
201 2116 237 2182 ln
250 2123 360 2204 aperto
375 2121 424 2180 est
443 2111 563 2200 lyricae
584 2112 664 2179 istae
686 2110 871 2201 tragoediae
894 2110 1005 2201 quales
1026 2113 1157 2180 fuerint:
1177 2117 1227 2182 ni·

66 2225 185 2290 mirum
207 2220 348 2287 earmina
369 2218 480 2306 lyrica,
501 2214 721 2285 saltationibus
743 2217 875 2308 quidem
889 2215 1023 2284 choricis
1044 2240 1228 2286 accommo-

68 2329 153 2410 data,
175 2351 193 2394 a
215 2324 347 2415 singulis
369 2334 479 2391 tamen
500 2323 660 2412 tragoedis
680 2325 714 2390 in
730 2323 866 2390 heroum
882 2323 1105 2414 indigenarum
1120 2327 1229 2416 eujus-

68 2435 117 2501 vis
150 2443 254 2499 terrae
283 2433 473 2498 memoriam
505 2428 673 2497 decantata
700 2434 784 2520 (qua
813 2429 854 2496 de
883 2453 918 2497 re
942 2430 1006 2496 vid.
1027 2432 1133 2516 inlu),
1170 2431 1229 2499 sed

71 2562 207 2631 quorum
227 2544 415 2628 argumenta
437 2538 573 2605 heroum
599 2559 666 2602 non
693 2546 759 2603 tam
785 2535 950 2626 praeclare
978 2547 1070 2627 gesta
1091 2539 1230 2620 luerunt,

71 2668 168 2737 quam
189 2646 355 2736 passiones
377 2646 447 2711 sive
469 2639 587 2711 πάθεα
601 2646 660 2724 ⁹⁰).

70 2814 273 2832 m

110 2918 145 2986 ⁷⁷]
163 2917 291 2984 Accedit,
318 2919 391 2986 quod
404 2921 498 2971 'nultus
517 2915 743 2983 dithyramborum
760 2919 841 2985 poeta
858 2931 875 2968 a
890 2913 981 2981 lyricis
999 2915 1145 2981 tragoediis
1163 2917 1231 2970 scri·

143 3005 236 3058 bendis
254 3005 409 3058 abstineret.
445 3004 605 3070 Simonides,
622 3002 765 3070 Pindarus,
781 3002 947 3055 Philoxenus
968 3018 1020 3054 non
1039 3002 1124 3068 magis
1142 3003 1231 3069 dithy-

141 3092 253 3158 rambis,
278 3108 358 3161 quam
377 3091 465 3158 lyricis
483 3090 630 3158 tragoediis
648 3089 844 3153 inclaruerunt3
870 3089 942 3140 unde
960 3088 1124 3141 Philoxenus
1148 3090 1231 3142 etiarn

140 3174 436 3250 τραγῳδοδιδάσκαλος
445 3177 579 3230 interdum
598 3177 709 3231 audivit
731 3176 780 3230 cfr.
794 3176 877 3231 blois.
887 3176 1095 3244 Capellmannus
1106 3176 1140 3228 ad
1151 3177 1230 3230 Alex.

142 3268 232 3320 Aetol.
250 3283 276 3334 p.
294 3267 329 3320 20
347 3268 446 3330 (Bona.
465 3266 543 3318 1830.
562 3267 601 3330 8).
619 3292 653 3303 -

112 3367 148 3435 1δ’)
155 3372 238 3508 ἴῦἑο
256 3370 464 3506 Pelpyronoosiytr
483 3368 579 3423 battere
595 3351 800 3515 mzpfflclyt'fi
812 3381 889 3503 apiano
913 3370 1013 3506 τίτάδὲο
1036 3368 1170 3506 ἶρῳρϋιίίο
1188 3369 1231 3506 οἷο

144 3459 153 3507 ι’
230 3458 364 3507 tatem
388 3457 426 3507 sie
467 3456 723 3507 accinetae-tre
766 3469 874 3504 rouo
913 3471 948 3506 πο
1009 3457 1232 3507 ποίοισι

143 3471 271 3608 pluendi
286 3543 377 3608 Sptct,
403 3541 514 3608 pebitbrt
529 3471 721 3608 bobeztlreifelt
739 3510 791 3592 dea
809 3469 968 3606 Strydntcrn
989 3558 1040 3594 οοο
1059 3471 1231 3594 decedito-

144 3631 241 3696 9ddten
258 3629 381 3680 Herodot
401 3625 539 3680 erzitttt.''
576 3625 620 3679 cf.
637 3628 754 3679 Mueller
771 3628 836 3680 Dor.
855 3630 888 3695 lt,
905 3645 933 3696 p.
952 3630 1013 3683 368.

112 3732 147 3798 ⁷⁹)
165 3733 253 3788 Quam
271 3746 335 3784 vero
352 3734 459 3782 vetusta
475 3729 559 3784 fuerit
574 3731 716 3797 lyricarum
736 3731 936 3797 tragoediarum
955 3730 1089 3796 inventio,
1113 3730 1230 3783 omnium

145 3818 246 3885 optime
264 3833 299 3870 ex
319 3817 424 3869 duobus
441 3816 509 3869 locis
526 3816 703 3884 intellegitur,
721 3833 756 3869 ex
773 3819 869 3871 toann.
888 3819 987 3871 Mateta
1005 3822 1033 3869 et
1050 3815 1140 3869 Schot.
1158 3817 1233 3869 Ano-

145 3922 215 3971 nym.
242 3921 285 3972 ap.
309 3905 396 3957 Stant.
419 3904 466 3972 qni
489 3902 607 3967 Bentleii
631 3904 740 3972 quidem
765 3921 858 3974 opusc.
877 3921 904 3971 p.
922 3905 975 3957 309
996 3900 1233 3970 reprehensionem

146 4009 201 4044 non
225 3990 390 4059 effugerunt,
414 3989 554 4055 Wetckeri,
572 3995 676 4057 tamem
708 3991 814 4044 etiamsi
836 4007 891 4043 non
914 3989 1048 4054 integrum
1072 3984 1233 4044 consensum

145 4079 256 4144 ferrent,
274 4077 349 4129 nacti
364 4083 454 4130 tamen
471 4082 535 4131 sunt
551 4077 624 4131 haud
641 4079 821 4147 spernendum
838 4074 1026 4145 patrocinium,
1044 4073 1072 4126 in
1089 4075 1181 4130 Addit.
1197 4079 1233 4129 ad

145 4166 243 4219 Aescb.
262 4165 364 4229 Trilog.
384 4182 410 4231 p.
429 4165 490 4218 225.
535 4166 639 4221 Quodsi
661 4165 744 4231 lyrica
768 4169 801 4217 tr.
827 4161 1008 4217 vetustissima
1031 4160 1099 4225 fuit,
1124 4162 1233 4216 minime

148 4258 237 4305 tomen
255 4251 422 4316 conceditur,
440 4251 587 4305 Baecbicos
604 4251 789 4318 Sicyoniorum
807 4249 903 4303 choros
917 4248 1033 4317 tragicos
1051 4265 1138 4318 aeque
1156 4255 1234 4304 vetu-
