2798 4672
179 209 254 285 176

178 400 292 460 esset
312 391 710 480 praestantissimum
731 388 863 455 minoris
884 397 993 456 autem
1013 389 1107 480 pretii
1127 387 1215 456 diota'
1235 386 1339 457 habe·

175 508 288 565 rentur
309 505 341 562 et
361 495 477 562 hircus.
520 495 573 562 De
596 518 659 586 quo
680 494 771 562 locus
793 495 925 584 insignis
949 503 999 561 est
1020 519 1070 585 ap.
1088 493 1197 563 Schol.
1208 493 1337 563 Platon.

175 603 257 694 Rep.
283 603 352 669 122.
372 603 403 683 8,
425 625 475 691 ap.
497 600 597 668 Bella
621 625 652 691 p.
674 603 747 667 400.
788 597 995 688 τραγῳδία
1021 639 1065 649 -
1093 598 1184 667 καθ’
1218 596 1263 682 ἣν
1290 601 1338 693 τῷ

175 705 348 791 νικήσαντι
363 704 482 794 τράγος
504 706 659 772 ἔπαθλον
679 706 820 772 ἐδίδοτο.
843 744 886 753 -
906 705 1096 796 κωμῳδία
1117 746 1160 759 -
1180 704 1269 773 καθ’
1292 704 1338 789 ἣν

174 817 221 906 τῳ
241 812 415 894 νικήσαντι
436 814 568 903 γλεῦκος
590 811 747 879 ἔπαθλον
767 811 912 892 ἐδίδοτο,
934 808 956 879 δ’
977 809 1079 903 τρύγα
1100 814 1271 880 καλοῦσιν.
1291 852 1337 865 -

173 919 484 1008 ὁδιθόραμβος
504 959 548 969 -
569 919 635 983 τῶν
658 920 693 984 δὲ
716 921 862 999 ποιητῶν
887 920 941 1010 τῳ
968 926 1042 1007 μὲν
1068 916 1208 1010 πριότῳ
1236 920 1337 1005 βοῦς

172 1027 362 1097 ἔπαθλον
389 1013 445 1106 ἦν,
478 1026 523 1114 τῷ
544 1025 580 1090 δὲ
602 1027 739 1116 δευτέρῳ
761 1021 946 1112 άμῳορεάς,
969 1027 1014 1116 τῷ
1036 1028 1071 1093 δὲ
1093 1024 1193 1118 τρίτῳ
1214 1024 1336 1116 τράγος

172 1132 213 1202 δν
233 1137 327 1224 τρυγὶ
348 1133 558 1218 κεχρισμένον
577 1130 717 1215 ἀπῆγον.
759 1132 892 1201 Scilicet
913 1135 1085 1225 unicuique
1106 1136 1221 1202 victori
1238 1158 1336 1225 prae·

171 1243 272 1308 mium
293 1239 429 1305 dabatur
450 1239 640 1328 plerumque
660 1239 694 1305 id
717 1238 803 1329 quod
826 1239 897 1320 deo,
917 1240 951 1305 in
974 1243 1064 1331 cujus
1080 1239 1239 1308 honorem
1254 1264 1334 1309 cou-

172 1355 365 1428 certaverat,
397 1368 526 1412 sacrum
554 1354 631 1411 erat.
673 1342 783 1433 ltaque
814 1348 856 1426 si,
887 1347 942 1436 qui
972 1344 1171 1434 dithyrambo
1200 1350 1334 1430 vicerat,

170 1452 349 1543 praemium
369 1452 487 1518 bovem
509 1459 697 1540 reportaret,
718 1449 792 1517 inde
815 1461 967 1542 sequatur
987 1475 1123 1519 necesse
1146 1462 1204 1535 est,
1226 1453 1334 1544 dithy-

170 1559 319 1626 rambum
333 1556 480 1645 Dionyso
497 1557 602 1622 eidem
618 1564 781 1622 sacratum
795 1556 903 1638 fuisse,
919 1560 1009 1648 cujus
1025 1559 1125 1626 boves
1138 1563 1189 1644 ⁸⁸)
1206 1559 1334 1628 hostiae

170 1673 296 1745 essent3
329 1662 360 1728 h.
384 1686 411 1728 e.
434 1662 581 1751 Dionyso
604 1661 741 1750 Magnae
765 1661 923 1729 Graeciae
951 1662 1065 1731 Solari.
1117 1665 1203 1751 Quin
1233 1668 1334 1733 etiam

171 1771 257 1838 aliud
288 1769 329 1836 ad
360 1769 552 1834 sententiam
583 1776 727 1832 nostram
758 1768 957 1856 probandam
989 1770 1022 1835 in
1053 1770 1168 1837 eodem
1197 1771 1332 1840 Scholio

169 1876 370 1946 reconditum
392 1883 449 1940 est.
495 1873 603 1939 Possit
624 1874 709 1938 enim
736 1895 815 1939 sane
844 1875 962 1940 mirum
989 1878 1091 1943 videri
1113 1877 1199 1968 quod
1221 1878 1252 1945 ei
1274 1876 1333 1945 dc-

168 2007 259 2051 mum
281 1983 334 2072 qui
356 1982 449 2047 tertio
472 1979 544 2045 loco
568 1978 769 2068 ditlryrambo
792 1980 923 2046 vicisset
943 1979 1050 2049 hircus
1068 1985 1211 2074 praemio
1237 1983 1332 2051 datus

168 2092 223 2172 sit,
252 2112 326 2156 cum
344 2086 548 2154 nihilominus
571 2085 787 2174 tragoediam,
815 2088 906 2177 cujus
928 2088 1041 2154 victori
1060 2090 1147 2156 idem
1168 2090 1238 2157 dari
1257 2091 1333 2157 bra-

167 2197 265 2264 heum
287 2218 350 2260 usu
375 2193 514 2274 venerit,
542 2215 561 2258 a
589 2190 789 2280 dithyrambo
811 2192 1004 2280 profluxisse
1026 2205 1161 2263 constet
1204 2196 1332 2264 Tamen

169 2332 372 2349 Μ

205 2409 229 2438 ⁶⁸
376 2406 513 2461 ind.Xlll
578 2400 669 2458 ,σὺν
714 2401 795 2458 ολά
906 2402 912 2422 ’
1031 2428 1041 2458 ι
1108 2403 1115 2423 ‘
1177 2444 1185 2460 .
1267 2407 1316 2421 '⁹

229 2409 337 2546 Jmilildi
353 2409 523 2545 l'lheooritud
540 2405 649 2545 {leuius
671 2409 758 2545 Pieri
779 2425 854 2560 ldyll.
866 2413 993 2557 {2533
1005 2410 1177 2551 Δώἔυέόάέἔέ)
1188 2410 1332 2555 Addidi}

237 2577 286 2633 ἐπ’
306 2572 405 2648 άγκεσι
421 2573 543 2650 πόρτιν
566 2573 721 2632 ἐλαύνει·
748 2597 829 2648 quum
848 2581 999 2634 Siculorum
1015 2579 1141 2631 Bacchus
1158 2597 1242 2651 saepo
1261 2578 1329 2650 βοό-

235 2670 316 2726 κολος
335 2671 476 2719 caneretur
494 2665 660 2729 (Welckerus
679 2666 768 2720 Addit.
785 2670 812 2735 p'.
831 2666 904 2732 186).
940 2669 976 2720 Et
999 2666 1125 2735 quoniam
1149 2684 1208 2721 oum
1234 2676 1329 2738 pasto·

235 2755 310 2808 ribus
336 2754 420 2806 semel
450 2768 493 2804 rea
524 2752 614 2818 agitur
639 2768 728 2820 neque
753 2754 879 2806 Diomum
906 2754 983 2806 nobis
1015 2754 1176 2807 reticeaoere
1205 2754 1248 2807 fas
1277 2762 1329 2824 eat,

235 2841 335 2910 quippe
354 2856 434 2908 quem
453 2839 598 2907 pastoralia
619 2840 738 2892 carmina
755 2841 869 2908 primum
895 2843 1060 2894 modulatum
1087 2856 1148 2894 ease
1174 2841 1329 2895 Siculorum

235 2928 308 2981 fama
324 2928 451 2993 invaluit,
475 2927 575 2996 quique
597 2943 632 2979 ex
654 2927 805 2980 Atticorum
826 2928 920 2981 sabula
943 2927 1073 2981 Theomir
1097 2929 1249 2996 appellatus
1271 2944 1330 2983 nou

234 3015 431 3081 tragoediarum
450 3014 528 3065 modo
546 3014 701 3065 laudaretur
717 3013 850 3079 inventor,
869 3015 918 3065 sed
935 3014 964 3065 in
981 3014 1124 3083 buphoniis
1137 3013 1219 3066 etiam
1230 3016 1328 3069 bovam

233 3102 386 3153 immolasse
416 3100 517 3169 primus
540 3101 703 3152 crederetur.
747 3098 804 3153 Clr.
829 3101 986 3153 Welokerus
1007 3102 1098 3154 Addit.
1116 3117 1144 3168 p.
1160 3102 1222 3156 225.
1264 3102 1327 3159 Quo

235 3189 269 3239 de
287 3187 403 3239 Theomi
421 3202 507 3255 nuper
525 3187 640 3240 accessit
657 3185 803 3254 Theophili
826 3185 967 3251 cujusdam
990 3187 1110 3240 historici
1133 3186 1328 3255 testimonium,

234 3290 252 3326 a
273 3275 373 3326 Malata
395 3277 464 3326 malo
490 3272 630 3337 omissum3
656 3289 701 3341 ap.
725 3272 844 3326 Cramer.
861 3273 966 3325 Auecd.
985 3274 1070 3328 Paris.
1088 3277 1122 3341 ΙΙ,
1140 3290 1167 3342 p.
1185 3276 1248 3341 227,
1265 3276 1327 3329 lta.

233 3359 264 3413 ἒν
282 3365 338 3417 τοῖς
358 3355 471 3430 χρόνοις
494 3354 599 3418 τούτοις
620 3355 788 3431 ἐθαυμάζετο
806 3355 875 3431 παρ’
897 3354 1010 3426 Ἕλλησι
1028 3361 1144 3430 Θίομις,
1167 3356 1197 3420 ὃς
1219 3362 1328 3433 κράτος

233 3445 324 3519 ἐξεῦρε
342 3443 513 3517 τραγῳδικόις
530 3445 667 3517 μελῳδίας
691 3448 739 3499 καὶ
765 3445 873 3504 ἐξέθετο
895 3447 1002 3516 πρῶτος
1025 3442 1162 3519 δράματα.
1198 3451 1246 3501 καὶ
1261 3444 1322 3521 μετ’

233 3528 318 3587 αὐτὸν
334 3537 447 3596 Μίνως,
475 3534 523 3584 καὶ
538 3530 609 3603 μετὰ
627 3536 732 3587 Μίνωα
750 3530 859 3592 Attae
876 3529 1022 3607 τραγικοὺς
1035 3531 1145 3604 χωροδς
1171 3534 1237 3601 (oio)
1256 3534 1327 3605 δρα-

231 3617 328 3690 μάτων
346 3613 515 3686 υυυεςήοατο
534 3620 582 3670 καὶ
605 3615 705 3673 λοιπὸν
722 3621 759 3679 εἰς
783 3616 832 3675 τόν
852 3616 922 3691 μετὰ
940 3620 1025 3673 ταῦτα
1038 3615 1158 3690 χρόνον,
1184 3620 1214 3681 ἐξ
1234 3617 1326 3677 ατίτιῖν

230 3702 319 3780 εὑρὼν
342 3702 495 3774 Εὐριπίδης
517 3700 621 3763 πολλὰς
645 3706 766 3777 ἱστορίας
790 3703 954 3779 δραμάτων,
979 3707 1102 3773 ἐξέθετο,
1126 3704 1163 3767 «tr
1189 3704 1327 3781 Θεόφιλος

232 3788 437 3866 ουνεγράψατο.
472 3793 551 3860 Apud
569 3792 701 3859 Lycophr.
718 3794 861 3847 cassanda
880 3796 942 3848 206.
969 3797 1144 3864 Agamemno,
1162 3796 1234 3851 bore
1251 3812 1327 3851 mao-

232 3886 307 3949 tato,
328 3880 404 3946 juata
428 3884 557 3947 operatur
573 3879 719 3945 Delphiuio
743 3881 850 3934 Baccho
874 3880 1022 3934 sacrificia:

421 4003 428 4018 .
446 4001 454 4016 .
472 4002 480 4016 .
498 3951 520 4033 ᾧ
538 3960 602 4019 πότ’
622 3966 653 4021 ἰν
670 3973 770 4038 μυχοῖς

414 4052 601 4122 δελφινίου
620 4050 688 4125 παρ’
715 4047 801 4124 ἔντρα
820 4048 959 4124 κερδωτοῦ
976 4054 1058 4106 θεοῦ

416 4133 541 4211 ταύρῳ,
561 4144 701 4212 κρυφαίας
714 4143 845 4212 χερνίβας
859 4134 1020 4210 κατόρξεται

415 4220 430 4276 ό
445 4227 590 4298 χιλίαρχος
606 4228 655 4281 τοῦ
673 4227 877 4303 πολυρραίστου
896 4228 1009 4299 ςρατοῡ.
