2798 4672
187 238 236 311 14

185 423 281 486 etiam
311 442 360 509 ap.
392 419 505 490 Athen.
534 422 575 505 V,
606 443 636 513 p.
664 422 728 488 220
754 423 791 490 Β.
819 427 853 490 in
889 423 1015 515 dialogo
1050 423 1152 493 Callia
1174 429 1338 516 iuscripta

184 523 277 593 huius
300 525 468 596 Philoxeni
495 531 691 597 mentionem
719 531 838 597 taciens
868 553 943 598 eum
965 533 1179 622 Anaxagorae
1207 533 1339 624 quidem

185 632 377 723 discipulum
399 633 603 703 nihilominus
625 645 733 703 tamen
756 637 905 727 gulosum
922 647 1039 729 atquae
1057 641 1226 707 cinaedum
1238 641 1341 707 luisse

183 740 348 809 hominem
371 742 505 810 tradidit.
550 742 654 829 »λέγει
674 741 739 831 peip
759 767 804 820 αις
825 741 844 809 ὁ
864 749 925 830 μὲν
948 742 1118 832 Προδίκου
1141 743 1341 875 Θηραμένην

182 847 347 931 μαθητὴν
367 845 607 917 ἀπετέλεσεν.
592 872 610 912 o
634 845 704 911 δ”
688 873 795 939 scapos
819 847 924 932 Φιλόξ
907 851 999 925 ξενον
1020 850 1080 917 τὸν
1098 848 1263 939 Ἐρύξιδος
1280 854 1341 917 τιατ

180 951 398 1081 Ἀριφράδην
417 959 474 1021 καὶ
495 952 644 1041 ἀδελφὸν
663 952 887 1046 Αριγναίτον,
914 959 973 1024 τοῦ
998 959 1203 1049 κιθαρῳδοῦ,
1225 961 1341 1025 θέλων

183 1058 251 1128 ἀπὸ
279 1063 337 1143 τῆς
365 1063 587 1143 δηλωθέντων
607 1063 799 1150 μοχθηρίας
819 1089 877 1130 και
899 1069 973 1153 περὶ
995 1067 1036 1131 τὰ
1057 1065 1173 1154 φαῦλα
1194 1066 1340 1152 λιχνείας

183 1169 370 1257 ἐμφανίσαι
396 1168 456 1233 τὸν
483 1168 548 1233 τῶν
570 1170 821 1236 παιδευσάντων
848 1172 1080 1242 διδασκαλίαν.
1124 1175 1337 1266 quibuscum

183 1275 351 1343 Aeschinis
374 1276 633 1366 castigationibus
648 1279 767 1368 optime
785 1284 936 1349 convenit
948 1282 1092 1349 Platonis
1108 1284 1140 1348 in
1157 1280 1292 1348 Phaone
1300 1281 1336 1348 II.

182 1384 237 1449 ubi
259 1407 317 1474 per
338 1385 415 1450 satis
437 1382 556 1449 multos
578 1407 709 1466 versus,
737 1387 828 1476 quasi
855 1389 1016 1477 exipsius
1039 1384 1233 1475 ὀψαρτυσία
1254 1391 1338 1455 reci-

183 1492 267 1574 tatis,
289 1493 355 1558 lere
371 1487 637 1576 ὑποβινητιῶντα
659 1486 822 1579 βρώματα
843 1503 1080 1561 enumerantur.
1113 1489 1223 1560 Possis
1241 1495 1338 1563 etiarn

185 1619 226 1664 ex
247 1599 318 1688 ipso
340 1596 402 1664 hoc
425 1595 591 1664 Aeschinis
619 1596 691 1665 Ioco
717 1620 782 1666 non
810 1598 1059 1688 improbabiliter
1084 1601 1240 1689 suspicari
1261 1620 1339 1667 eum

182 1705 265 1770 inter
286 1702 408 1769 Calliae
430 1711 644 1770 assentatores
667 1705 779 1787 luisse,
800 1705 946 1795 interque
969 1727 1026 1772 eos
1048 1705 1183 1772 sortasse
1206 1706 1250 1772 ab
1269 1705 1337 1772 Eu·

183 1788 328 1900 polide
319 1832 352 1876 m
375 1831 414 1877 eo
438 1811 582 1876 dramate
604 1811 801 1898 exagitatum
824 1834 911 1892 esse,
942 1812 1032 1878 cuius
1059 1809 1211 1877 titulusf
1196 1813 1260 1878 fuit
1280 1808 1339 1876 τό·

183 1918 292 1997 λακτς,
314 1926 347 1986 et
368 1919 459 1984 ciuus
481 1926 707 2006 argumentum
728 1940 794 1984 non
816 1919 967 1985 modom
980 1916 1111 1985 Calha
1103 1939 1189 2007 ipso,
1212 1916 1337 2007 Hippo

184 2025 247 2090 uici
269 2022 332 2090 titio
355 2022 599 2113 perstringendo
630 2025 770 2091 maxime
798 2034 962 2091 versatum
990 2034 1054 2108 est,
1081 2023 1139 2091 sed
1167 2023 1336 2112 impuden-

183 2133 281 2196 tiores
300 2132 395 2196 etiam
414 2130 596 2198 adulatores
613 2133 830 2222 convivasque
846 2131 905 2198 sibi
923 2131 1082 2199 notandos
1101 2130 1222 2196 sumsit.
1245 2130 1338 2214 Quos

183 2239 266 2302 inter
293 2237 451 2325 parasitos
488 2237 591 2324 tetigit
619 2237 768 2301 Orestem
800 2238 907 2319 (Arist.
936 2238 1017 2303 Avv.
1049 2238 1129 2319 702)
1165 2236 1337 2322 bIarpsiam

185 2343 291 2426 (Arist.
319 2337 456 2406 Acham.
485 2342 545 2404 701
575 2337 698 2419 Schol.,
726 2337 848 2404 Aelian.
877 2362 917 2429 ap
940 2341 1032 2406 Suro.
1062 2365 1092 2407 v.
1119 2338 1337 2425 βομβοῦσιν);

183 2456 311 2539 praeter
332 2444 392 2511 hos
415 2468 433 2511 e
455 2443 719 2533 splendidioribus
739 2441 920 2509 hominibus
932 2444 1154 2534 Protagoram,
1172 2454 1337 2536 totamque

184 2551 398 2643 sophistamm
427 2572 560 2638 gregem
582 2547 684 2633 (Xen.
707 2547 811 2614 Conv.
834 2571 864 2638 p.
882 2549 950 2615 133.
994 2550 1198 2618 Scnxsruss.
1221 2548 1336 2617 Athen

184 2658 239 2742 III,
260 2682 290 2748 p.
311 2658 372 2722 100
392 2656 435 2740 b.)
463 2678 568 2745 neque
595 2653 793 2720 Alcibiadem
827 2656 981 2722 omissum
1014 2680 1102 2738 esse,
1136 2655 1250 2724 Athen.
1267 2656 1337 2739 XII,

184 2789 216 2855 p.
228 2765 303 2846 535,
315 2786 343 2829 a.
358 2763 540 2829 testimonio
563 2762 728 2828 evincitur.
774 2762 870 2846 Quod
892 2785 969 2829 vero
992 2761 1218 2833 Philoromum
1240 2765 1337 2831 etiam
1367 2798 1370 2803 ·

184 2870 383 2938 Leucadium
403 2871 436 2936 in
458 2869 626 2959 parasitica
647 2870 708 2935 ista
731 2868 879 2935 convivia
902 2869 941 2935 ab
963 2868 1121 2959 Eupolide
1143 2870 1337 2937 advocatum

184 2981 284 3047 [trisse
305 2978 460 3068 suspicor,
484 2998 522 3042 ea
543 2976 697 3066 imprimis
720 2976 842 3041 ratione
865 2975 985 3064 adigor,
1008 2977 1158 3066 quoniam
1174 2973 1336 3043 Melantho

185 3095 301 3176 poetae
323 3086 462 3174 tragico,
486 3104 583 3173 quem
604 3083 852 3148 famosissimum
874 3081 1033 3149 dedecore
1046 3081 1200 3170 ingluviei
1215 3081 1337 3149 Calliae

186 3191 287 3282 epulis
317 3193 443 3256 affuisse
471 3197 606 3256 testatur
626 3188 760 3282 Eupolis
784 3212 834 3279 ap.
858 3185 966 3255 Schol.
990 3186 1042 3253 Ar.
1064 3187 1140 3255 Pac.
1163 3188 1241 3270 803,
1268 3211 1336 3254 mc-

185 3299 303 3364 minia
326 3295 484 3363 Clearcho
514 3320 564 3386 ap.
589 3296 703 3365 Athen.
726 3297 752 3380 1,
779 3319 810 3387 p.
829 3298 849 3361 6
880 3293 1016 3360 adscribi
1037 3295 1237 3360 notissimum
1259 3293 1338 3360 iIIud

67 3426 69 3430 ’
186 3403 358 3471 Philoxeni
380 3410 541 3491 optatum,
574 3415 610 3471 ut
636 3405 695 3472 sibi
723 3405 809 3493 gruis
840 3399 915 3492 gula
945 3400 1100 3483 datasit,
1128 3423 1191 3491 quo
1221 3400 1337 3466 diutius

187 3509 372 3577 deliciarum
394 3510 559 3599 saporibus
583 3513 644 3576 lrui
665 3513 773 3600 possit.
806 3510 898 3595 Quae
916 3509 944 3574 si
961 3530 1038 3574 vera
1056 3507 1208 3595 suspicati
1225 3528 1337 3573 smnus

186 3615 374 3684 -accedit
403 3637 481 3680 vero
516 3616 612 3681 etiam
645 3615 705 3682 alia
732 3637 846 3683 caussa
874 3615 914 3679 de
943 3634 1006 3702 qua
1031 3613 1112 3676 inira
1146 3611 1268 3678 dicetur
1295 3649 1338 3660 —

187 3721 385 3789 Philoxenus
414 3718 465 3787 hic
492 3722 632 3787 maxime
654 3720 782 3809 Olymp.
800 3716 989 3796 LXXXIX,
1011 3722 1032 3798 ¹}
1062 3717 1204 3784 omnium
1225 3717 1257 3782 in
1281 3741 1338 3784 ore

187 3839 282 3919 atque
304 3829 415 3894 notitia
429 3826 554 3894 videtur
570 3836 716 3893 versatus
735 3848 815 3890 esse.
849 3823 998 3910 Namque
1016 3819 1180 3910 Eupolidis
1202 3817 1338 3899 κόλακες

188 3934 293 4000 tabula
316 3934 409 4001 docta
432 3942 481 4000 est
498 3931 625 4021 Oylmp.
638 3928 825 4007 LXXXIX,
845 3928 866 3991 3
883 3928 1091 4015 Anaxagoras
1114 3936 1223 3992 autem
1245 3929 1337 3994 euius

189 4042 366 4106 doctrinam
387 4041 549 4130 protessus
572 4038 704 4104 traditur
727 4034 776 4100 01.
791 4031 936 4100 LXXXI
957 4034 1020 4098 iam
1043 4032 1127 4097 diem
1150 4054 1357 4120 supremum,

189 4148 280 4228 obiit,
306 4157 476 4236 postquam
500 4144 547 4211 01.
568 4141 729 4224 LXXIX,
758 4141 779 4206 3
800 4136 940 4206 Athenas
963 4137 1142 4228 reliquerat.
1186 4135 1337 4205 Fortasse

187 4255 282 4343 igitur
288 4251 431 4320 Platonis
438 4250 527 4319 Phao
540 4249 601 4321 hoc
613 4252 679 4319 fere
688 4258 831 4338 tempore
843 4255 985 4335 spectata
998 4256 1045 4310 ost
1056 4243 1105 4313 01.
1111 4241 1299 4327 LXXXIX,
1305 4251 1336 4327 A.
