2798 4672
1215 274 1290 348 263

129 458 310 544 Κρὲμβαλα
334 457 430 522 etiam
453 477 471 520 a
494 452 665 521 Timotheo
689 453 828 519 admissa
856 475 942 534 esse,
973 455 1068 522 docet
1090 457 1238 523 carminis
1257 457 1290 521 in

124 565 264 629 Dianam
286 560 461 651 Ephesiam
481 562 615 641 initium,
647 560 734 650 quod
755 581 852 648 supra
876 563 1084 628 correximus.

160 666 304 754 Ἅρτται,
320 666 376 732 σοι’
391 663 429 750 μ’
448 667 497 734 ἕλε
518 665 607 753 φρὴν
623 663 678 751 ἐφ’
699 661 815 752 ἰ’μερον
832 658 938 749 ὕμνου
955 662 1145 751 α’νυμνῆσαι
1157 670 1290 735 θίοθεν

250 766 321 858 ἑίμα
345 775 381 839 δέ
404 797 453 850 τις
475 770 562 838 λοίλα
581 770 815 861 χρυσοφάεννα

250 881 459 968 κρέμβαλα
478 881 702 970 χαλκοπαρᾷα
720 876 835 966 χερσίν
858 879 1028 964 (ψαλλέτω
1052 883 1089 965 ί).

125 991 165 1051 Ar
197 1010 274 1052 vero
308 1009 387 1054 mox
413 1009 479 1053 non
508 987 686 1054 sufficiehat
718 987 811 1052 unius
843 986 1128 1054 instrumentorum
1161 989 1288 1078 generis

124 1116 285 1159 consonus
315 1093 484 1179 tumultus,
520 1093 650 1184 dequo
682 1091 834 1182 intellego
858 1093 1045 1183 Antiphanis
1075 1118 1117 1161 ex
1145 1093 1289 1162 'tibicine
1341 1124 1349 1135 ·

125 1200 337 1288 fragmentum
370 1202 501 1266 unicum
528 1200 586 1266 sed
620 1198 719 1290 (proh
746 1198 871 1283 dolori)
904 1203 1198 1292 corruptissimum3
1237 1222 1286 1290 ap.

125 1304 237 1371 Athen.
260 1304 349 1386 XIV,
371 1290 401 1394 pss
421 1309 485 1372 618
507 1306 545 1372 Β.

297 1409 421 1494 Ποίαν,
445 1410 577 1499 φράσον
598 1409 670 1498 γὰρ,
693 1396 752 1500 ᾖδε
775 1410 835 1490 τὴν
857 1410 1043 1477 συναυλίαν

297 1514 436 1598 centnm
457 1517 635 1583 ἐπίσταται
656 1515 735 1604 γὰρ,
757 1514 832 1584 ἀλλ’
855 1515 979 1599 ηὔλουν
999 1517 1047 1584 ἔτι

296 1623 477 1708 μαθόντες,
500 1617 584 1690 ιίστε
607 1625 683 1700 τους
705 1621 827 1702 αὐλοὺς
849 1622 890 1692 στί
911 1650 946 1689 τε

296 1730 380 1809 αὑτὴ
404 1733 515 1810 τελιτῆ
543 1731 767 1818 ψιθτίθαμτν
788 1729 1022 1817 συντυμχοίνεις

295 1833 405 1898 αὐλών
428 1839 575 1920 πέραινε·
599 1837 727 1916 δέξεται
750 1836 786 1900 δὲ
808 1834 914 1900 τᾶλλα
938 1860 1003 1904 σοι.

298 1940 360 2018 ἡδύ
383 1965 415 2004 τι
435 1940 547 2006 κοινόν
569 1943 674 2022 ἐστιν,
698 1930 739 2006 οὗ
756 1943 856 2027 χωρίς
877 1940 981 2007 ιτοίλιν

297 2045 499 2131 συννεύματ’
528 2045 566 2113 οὐ
589 2044 813 2136 προβλήμαθ’
843 2040 893 2125 οἷς
915 2046 1115 2132 σημαίνεται

296 2155 430 2220 ἕκαστα.

123 2261 177 2325 cir.
201 2260 383 2328 Boeckhius
407 2261 498 2329 thP.
521 2284 551 2351 p.
575 2259 639 2324 258
666 2259 724 2326 sed
748 2261 843 2326 etiam
865 2283 940 2328 cnm
961 2259 1088 2329 citharis
1111 2262 1288 2330 miscebant

124 2367 225 2447 tibias,
253 2391 449 2458 quamquam
470 2366 533 2433 hoc
553 2368 720 2433 inventum
741 2390 806 2433 non
827 2369 871 2434 ita
894 2369 1055 2458 aspernati
1077 2391 1149 2436 esse
1172 2371 1287 2437 comici
1347 2428 1351 2439 .

123 2474 279 2540 ridentur.
325 2476 422 2542 Certe
444 2473 611 2564 Ephippus
632 2471 747 2539 Athen.
770 2472 859 2555 XIV,
882 2499 913 2564 p.
935 2477 1007 2540 617.

377 2635 383 2647 .
430 2635 437 2647 .
481 2581 634 2646 κοινωνεῖ
649 2579 729 2669 γὰρ,
750 2566 776 2642 ὦ
798 2577 1027 2667 μειράκιον,ἡ

324 2689 359 2748 ἐν
382 2694 488 2750 τοῖσιν
510 2683 624 2760 αὐλοῖς
644 2687 786 2768 μουσικὴ
809 2686 873 2750 κάν
896 2688 935 2777 τῇ
956 2684 1041 2774 λύρᾳ

325 2793 393 2866 τοῖς
415 2786 600 2872 ἡμετέροισι
615 2789 797 2877 παιγνίοις·
820 2783 986 2877 ὅτανγὰρ
1007 2780 1043 2855 εὖ

324 2893 520 2985 συναρμόσῃ
547 2921 595 2972 τις
623 2900 692 2971 τοῖς
714 2894 852 2960 συνοῦσι
875 2895 934 2959 τὸν
961 2889 1084 2981 τρόπον

325 3000 395 3066 τόθ
419 3000 437 3081 ἡ
458 3001 596 3087 μεγίστη
621 3003 735 3088 τέρψις
757 3000 984 3088 ἐξευρίσκεται.

208 3111 361 3176 Ceterum
383 3120 511 3200 praeter
533 3111 608 3175 artis
625 3110 880 3200 depravationes,
903 3119 1014 3175 contra
1028 3109 1169 3175 Musicos
1189 3111 1285 3176 etiam

122 3218 218 3304 ipsoS,
241 3226 353 3306 poetas
377 3217 518 3283 comicos
541 3216 707 3282 strinxisse
726 3214 885 3280 calamum
901 3238 958 3304 per
977 3239 1012 3282 se
1034 3225 1131 3305 patet.
1175 3215 1284 3308 ltaque

122 3321 271 3388 Pherecr.
293 3323 325 3386 in
348 3322 436 3388 Foris
460 3324 495 3389 fr.
519 3322 570 3389 lV.

207 3429 252 3493 A.
289 3423 370 3512 ‘De'p'
401 3429 471 3506 iiico,
493 3426 686 3518 κιθαρῳδὸς
708 3425 757 3503 τίς
777 3423 909 3504 κοίκιςος
930 3427 1071 3511 ἐγένετος
1228 3491 1231 3495 .

205 3533 248 3599 B.
282 3530 316 3598 ‘O
338 3533 482 3599 Πεισίου
504 3536 629 3614 Μέλης.
673 3536 715 3600 A.
747 3532 831 3618 μετὰ
855 3535 995 3613 Μέλητα
1024 3533 1059 3598 δ’
1089 3522 1131 3615 ἦν
1155 3574 1197 3585 ——

209 3641 249 3706 B.
282 3635 329 3723 ἔχ’
355 3635 518 3728 ἀτρέμας·
549 3627 673 3729 ἐγῷδα·
705 3642 836 3728 Χαῖρις.
1288 3648 1298 3661 '

123 3769 219 3833 quem
242 3746 282 3812 ad
304 3746 411 3813 locum
435 3747 542 3814 Schol.
566 3735 608 3826 ἦν
630 3747 665 3812 δὲ
688 3743 711 3810 ὁ
733 3749 853 3834 Χαῖρις
875 3736 971 3824 οὗτος
992 3747 1198 3836 κιθαρῳδός·
1226 3757 1284 3818 καὶ

121 3852 251 3937 μέμονεν
274 3848 432 3933 αὐλητής·
456 3851 527 3919 ἔστι
544 3857 600 3918 καὶ
620 3854 726 3941 ἕτερος
745 3849 898 3934 αὐλητής,
921 3843 961 3918 οὗ
977 3853 1175 3939 μνημονεύει
1192 3855 1283 3943 Κρα-

121 3958 209 4034 τῖνος
231 3959 265 4021 ἐν
287 3959 437 4042 Νεμέσει.
1170 4038 1173 4045 .

207 4063 425 4146 Execestidis,
454 4091 550 4158 quem
572 4065 668 4156 paulo
692 4077 767 4133 ante
789 4068 870 4133 Avv.
895 4068 957 4132 765
980 4078 1111 4158 propter
1133 4069 1282 4138 servilem

121 4167 336 4234 conditionem
360 4173 462 4260 tetigit
481 4171 727 4262 Aristophanes,
762 4176 857 4240 etiam
885 4175 959 4239 artis
980 4197 1094 4241 caussa
1118 4176 1190 4244 alibi
1213 4199 1283 4242 me·

121 4274 250 4338 minisse
275 4277 360 4340 testis
387 4285 434 4340 est
456 4275 563 4344 Schol.
588 4280 681 4343 Arist.
708 4281 787 4345 Avv.
815 4282 848 4344 ll
874 4278 921 4344 his
945 4282 1065 4348 verbis:
