2798 4672
130 277 192 326 VIII

126 465 233 537 aegre
260 440 420 514 desidero
449 439 624 514 Simmiam
648 439 833 518 Clementis
850 445 954 519 Alex.
973 469 1005 542 p.
1026 447 1100 520 569
1118 447 1161 519 D.
1189 443 1288 540 cipu-

126 555 311 659 σιγνήτων
334 555 397 630 καὶ
428 555 626 652 Τελχίνων,
654 557 741 656 ἔφη,
768 557 883 655 ollem}
909 559 988 659 ζαψ
1013 564 1045 637 h.
1075 591 1105 638 e.
1133 562 1286 659 ὁμοίως·

121 674 294 779 Ἰγνήιων
317 683 410 750 aut:
438 719 490 733 -··
515 703 547 775 p.
568 678 627 750 61.
647 679 704 750 17.
737 681 892 777 Respicit
916 682 982 755 huc
1007 685 1225 759 Philodemus
1251 689 1287 758 in

126 799 215 872 Voll.
233 799 336 871 Hero.
355 799 381 871 Ι.
404 799 467 872 col.
491 797 571 887 XV,
584 820 616 891 p.
637 797 695 868 67.
730 794 793 868 καὶ
823 797 900 893 μὴν
931 797 1018 873 οὐδὲ
1049 805 1287 900 παραμαθεῖΓ

125 918 219 989 σθαι
245 912 403 990 δύναται
426 911 584 1010 μουσικὴ
610 911 677 994 τὰς
703 914 743 986 ἐν
768 915 876 1011 ἔρωτι
901 915 1140 1016 ὃυςιιραξίας·
1173 918 1285 1023 λόγον

107 1033 198 1135 ¹pdp
228 1031 348 1128 μόνον
377 1031 419 1106 τὸ
448 1037 629 1106 τοιοῦτον.
689 1030 892 1129 Ποιήματα
921 1035 959 1110 ‹l'
991 1041 1023 1110 el
1056 1046 1285 1137 προαιρεῖται

124 1149 298 1227 δεδόσθαι
323 1150 387 1226 καὶ
413 1149 631 1240 Φιλόξενον,
666 1155 696 1223 el
721 1151 828 1226 τοῦτ’
855 1152 1020 1247 ᾐνίττετο
1027 1212 1039 1247 ,
1072 1158 1124 1254 μὴ
1156 1160 1285 1242 τελέαις

123 1269 334 1369 ψεύδεσθαι
360 1273 402 1346 cl.
431 1272 651 1347 Schneidew.
679 1271 862 1370 Bourape
886 1301 918 1374 p.
939 1280 1026 1371 129,
1048 1282 1070 1352 6
1098 1283 1153 1374 qui
1179 1283 1284 1354 velim

119 1392 568 1491 p.128,16'exemplis'e
594 1393 706 1470 latinis
734 1394 955 1492 scriptoribus
984 1400 1191 1494 depromptis
1217 1402 1284 1472 ad-

10 1609 15 1617 ,
116 1518 262 1608 jecisset
287 1515 405 1586 Horat.
431 1513 516 1586 Odd.
544 1514 608 1606 Ill,
631 1517 666 1587 4.
729 1515 794 1602 Qui
829 1526 984 1588 terram
1023 1520 1188 1610 inertem,
1226 1524 1282 1615 qui

119 1658 231 1706 mare
257 1643 424 1729 temperat
439 1632 628 1707 Ventosum
657 1645 690 1708 et
716 1634 871 1709 imbres
899 1636 973 1730 (sic
989 1635 1070 1730 lege
1091 1661 1154 1733 pro
1177 1639 1281 1712 urbes

120 1777 154 1827 v.
169 1752 345 1846 umbras):
370 1790 415 1807 -·-
437 1777 469 1848 p.
489 1752 576 1844 115,
590 1753 650 1826 22.
679 1755 858 1850 Kayserus
872 1753 894 1824 l.
908 1755 929 1825 l.
944 1778 976 1851 p.
996 1755 1044 1827 69
1070 1781 1133 1853 pro
1160 1754 1283 1830 ἄλλων

119 1883 225 1944 tentat
248 1877 380 1965 μελῶν.
434 1873 512 1945 Non
539 1895 644 1968 opus:
674 1913 719 1927 —
748 1897 780 1968 p.
804 1873 893 1965 105,
919 1873 968 1947 33
995 1875 1089 1950 Suid.
1116 1899 1150 1950 v.
1178 1873 1283 1969 Ἄρης

117 1986 317 2087 adparatos:
344 2031 397 2046 -
421 1989 564 2088 pras,
588 1989 646 2061 16.
686 1991 833 2076 Quartus
876 1991 1025 2089 Cydias,
1060 1997 1190 2092 pictor,
1229 2005 1282 2067 est

120 2114 208 2209 apud
237 2112 354 2210 Steph.
370 2113 456 2208 Byz.
473 2135 505 2206 p.
524 2110 596 2194 173
614 2111 797 2183 Westrm.:
821 2150 873 2165 --
894 2137 925 2208 p.
940 2110 1030 2205 147,
1048 2114 1106 2187 16.
1148 2112 1281 2186 Eadem

118 2233 251 2328 plenius
279 2231 419 2302 exhibet
443 2232 557 2324 Etym.
575 2230 662 2302 Gud.
681 2231 769 2319 322,
786 2231 853 2301 49:
876 2275 923 2286 -
943 2258 975 2328 p.
992 2234 1081 2324 224,
1095 2233 1155 2304 27.
1195 2232 1281 2305 (lum

118 2351 261 2423 Plehnio
289 2353 389 2424 sentit
415 2348 690 2442 Noeggeratths
719 2349 762 2422 de
788 2349 957 2465 Aeschyli
981 2346 1236 2448 supplicibusp.
1257 2351 1275 2422 1

121 2469 356 2563 (Amsberg'l
363 2470 448 2541 844.
462 2468 531 2562 4.).
567 2468 685 2555 Quod
712 2491 744 2563 p.
761 2469 810 2541 22
837 2473 991 2564 promisi,
1020 2471 1063 2542 de
1090 2472 1281 2544 Philoxeno

119 2592 340 2684 grammatico
367 2611 422 2660 me
449 2589 621 2683 copiosius
647 2588 803 2681 quiddam
831 2588 910 2660 alibi
928 2590 1171 2686 disputaturum
1188 2612 1280 2678 esse,

119 2711 198 2781 huic
224 2710 392 2805 promisso
421 2730 523 2803 spero
551 2705 640 2795 lore,
668 2716 704 2777 ut
724 2706 824 2781 brevi
845 2717 937 2781 stare
957 2711 1096 2804 possim.
1148 2711 1280 2803 Dignus

121 2832 211 2902 enim
237 2828 392 2917 videtur,
428 2829 483 2922 qui
510 2825 568 2900 vel
593 2846 677 2921 prae
704 2827 902 2900 Herodiano
930 2839 1178 2920 cognoscatur,
1214 2851 1280 2922 quo

121 2950 164 3021 de
190 2958 328 3045 praeter
354 2946 486 3018 Lehrsii
513 2947 547 3016 in
564 2945 687 3018 Museo
704 2943 872 3019 Rhenano
890 2948 1143 3041 quaestIonibus
1171 2950 1281 3021 tenuiS

120 3079 248 3140 tantum
274 3068 448 3160 bucusque
474 3065 599 3160 prodiit
617 3061 708 3158 Aug.
724 3067 869 3138 WettIni
886 3071 1180 3140 commentationis
1195 3090 1281 3163 par·

120 3186 220 3258 ticula
250 3185 324 3256 Hal.
342 3184 453 3256 1842.
470 3183 504 3254 8.
534 3184 638 3257 Certe
665 3185 761 3281 plura
797 3208 867 3258 non
901 3187 982 3259 vidi.
1042 3187 1091 3258 At
1123 3186 1281 3281 proiecto

122 3310 150 3380 si
191 3305 432 3398 grammatIcae
470 3305 666 3376 tractandae
706 3304 902 3378 methodum
943 3307 1173 3401 spectationis,
1211 3328 1282 3376 non

121 3423 334 3497 arbitrariam
360 3422 449 3493 illam
477 3424 703 3495 tumulturiam
730 3448 770 3495 ac
803 3424 1069 3516 multicolorem,
1106 3424 1281 3519 etymolo-

121 3547 251 3638 giarum
278 3545 413 3638 ineptiis
441 3553 640 3634 scatentem,
669 3543 732 3619 sed
752 3553 980 3632 constantem,
1005 3545 1110 3613 certis
1137 3532 1282 3636 quibus-

122 3665 197 3735 dam
225 3661 418 3736 adstrictam
444 3666 631 3760 principiis,
658 3667 922 3755 amatricemque
938 3659 1170 3754 simplicitatis,
1198 3671 1282 3756 ety-

121 3782 291 3878 mologico
312 3782 388 3854 lusu
410 3793 462 3856 sat
481 3786 632 3877 angustis
656 3781 777 3854 finibus
805 3781 1061 3873 circumscripto
1082 3779 1281 3850 Herodiano

120 3903 223 3997 longe
249 3911 400 3997 praestat
426 3902 648 3990 Philoxenus,
676 3900 764 3994 quod
791 3899 849 3972 vel
868 3901 951 3995 ipsis
972 3896 1148 3971 veteribus
1170 3899 1282 3970 visum

122 4045 214 4112 csse,
242 4025 270 4094 si
295 4003 338 4092 id¹
355 4043 445 4091 nunc
472 4028 645 4113 ageretur,
673 4020 773 4090 ctiam
800 4040 846 4090 ex
866 4015 1063 4113 Phrynicho
1087 4015 1282 4089 nonnullis-

121 4165 187 4236 que
214 4138 454 4233 Etymologiae
482 4137 627 4210 Gudiani
654 4135 739 4208 locIs
764 4138 892 4231 possim
920 4136 1166 4210 demonstrare.

562 4295 849 4338 ...a-...-
