2798 4666
132 255 209 328 254

220 437 325 505 Tanta
344 438 440 528 igitur
466 439 599 528 frigora,
626 447 779 530 tantaque
802 442 972 533 jejunitas,
990 442 1134 511 ⁴cumin
1162 441 1302 534 lyricam·

134 548 203 635 ejus
227 546 338 610 aetatis
359 546 471 634 poesin
492 546 704 635 irrepsissent,
728 547 824 611 etiam
840 550 982 615 musicae
1001 546 1148 639 vigorem
1172 550 1211 617 ac
1230 551 1299 617 vir·

134 660 234 715 tutem
258 653 415 717 exstincta
429 675 524 733 esse,
551 675 617 718 non
641 661 703 733 est,
731 653 817 742 quod
842 656 999 721 mireris<
1020 655 1132 723 Novu-
1147 656 1300 723 invento*

134 779 207 822 rum
239 756 325 822 aliud
355 758 490 846 urgebat
520 757 606 824 aliud
614 787 622 842 3
654 757 740 848 quod
774 761 1016 848 excogitaverat
1045 759 1211 844 alter-,ec
1243 768 1302 827 aut

133 862 327 952 perficiendo
351 873 406 928 aut
428 865 621 954 antiquando
645 864 726 930 alter
754 864 879 930 sibimet
906 867 968 954 ipsi
986 860 1153 955 ¹quaesivit
1173 865 1300 956 ⁴gloriu-

134 968 213 1050 lam,
246 992 352 1059 neque
379 979 462 1052 erat,
492 970 546 1035 ubi
576 971 781 1059 acquiescere
808 980 863 1035 aut
888 971 1016 1059 pedem-
1033 973 1146 1038 sistere
1173 972 1300 1045 musica

133 1085 260 1164 posset;
282 1075 340 1141 sed
361 1075 425 1141 huc
445 1076 521 1145 illuc
534 1075 728 1142 fluctuariet
744 1077 939 1142 circumferri
954 1077 1132 1168 cogebatur
1143 1080 1299 1168 tanquam

134 1191 319 1268 poetarum.
338 1189 370 1247 et
401 1181 564 1272 popularis
599 1205 695 1248 aurae
728 1181 916 1264 ludibrium3
949 1184 1029 1250 adeo
1055 1184 1196 1249 omnino
1213 1183 1300 1272 ipsa

135 1310 213 1352 vera
234 1288 358 1354 musica
372 1299 557 1369 evanuerat,
580 1311 618 1354 ac
633 1287 789 1353 duntaxat
802 1286 1092 1374 μουσοὸονήματα
1102 1291 1170 1356 fere
1185 1300 1302 1378 stupor

136 1402 235 1459 erant.
281 1394 354 1478 Qua
377 1394 417 1462 de
439 1394 622 1486 corruptela
644 1394 827 1460 foedissima
847 1418 913 1463 non
940 1394 1063 1463 insulse
1081 1393 1299 1511 Pherecrates

135 1499 168 1564 in
190 1499 352 1565 Automol
376 1500 703 1566 rr.-11.'
1021 1526 1024 1531 ’

178 1603 233 1682 Νὴ
257 1603 317 1668 τὸν
337 1600 488 1693 Δήμητρ’
509 1601 683 1696 ἆνιαρόνχ’
705 1595 747 1686 ἦν
767 1607 874 1683 κακῶς
897 1601 1079 1696 qidovcoc’
1055 1602 1203 1671 ακοῦενν·

178 1708 372 1793 Βουλοὶμην
404 1710 467 1798 χὰρ
498 1708 560 1776 κᾶν
590 1709 780 1799 ἀκαλήφαις
816 1712 875 1780 τὸν
905 1715 979 1780 ἴσον
1008 1707 1129 1799 χρόνον
1155 1713 1299 1802 ἐστεφα-

743 1820 891 1887 aarum.

135 1922 264 1989 Etenim
286 1925 416 2014 antiqua
438 1924 561 1993 Musica
584 1926 728 1993 mascula
749 1928 807 1993 fuit
825 1949 867 1993 ac
889 1924 1037 2015 simplerr,
1065 1927 1226 1994 recentior
1241 1872 1299 1994 illa

137 2032 319 2097 effeminata
342 2034 444 2098 evasit
463 2042 495 2098 et
516 2031 697 2100 multisona.
741 2034 825 2101 Hinc
854 2042 902 2099 tot
929 2033 1127 2099 comicorum
1155 2033 1231 2101 illae
1258 2033 1299 2101 dc

138 2137 286 2204 mollitio·
310 2148 342 2204 et
380 2138 550 2207 dulcedine
586 2143 764 2207 carminum
803 2162 977 2230 pravorum
1010 2138 1192 2228 querellae,
1217 2138 1299 2206 -hinc

138 2244 325 2310 eorumdem
350 2246 627 2335 frequentissimae
655 2247 695 2312 de
715 2248 828 2312 insano
851 2268 890 2311 ac
911 2244 1240 2313 turbulento-vocum
1266 2254 1301 2312 et

136 2350 421 2416 instrumentorum
449 2351 620 2417 multifario
643 2351 988 2442 strepitu-tragoediae.
1040 2350 1107 2417 Sed
1129 2354 1198 2442 jam
1221 2374 1299 2418 exa·

136 2458 295 2521 minemus
317 2456 444 2545 singula
467 2457 656 2546 diligentius.
742 2459 863 2546 Atque,
892 2460 938 2522 uti
960 2455 999 2522 ab
1022 2455 1162 2522 emollita
1181 2455 1237 2522 illa
1258 2478 1301 2524 ac

139 2559 310 2624 delicatula
336 2560 458 2625 Musica
488 2563 652 2644 exordiar,
685 2561 829 2627 mascula
856 2564 994 2628 musices
1015 2566 1116 2630 virtus
1135 2583 1300 2628 unacum

138 2662 350 2753 ὀλιγαχορδίρ
372 2667 510 2748 evanuit,
533 2675 614 2733 teste
636 2667 722 2734 Plut.
744 2667 784 2736 de
806 2668 888 2734 Mus.
911 2692 937 2736 c.
960 2667 1030 2736 ΧΠ.
1059 2667 1120 2749 τὴν
1139 2666 1205 2757 γὰρ
1227 2665 1301 2733 ὀλι-

137 2770 315 2860 γοχορδίαν
336 2773 394 2856 (sic
415 2770 497 2838 bene
511 2774 680 2862 ¹Wyttenb.
698 2797 756 2863 pro
779 2769 1014 2862 ὀλιγοχορείαν)
1033 2778 1091 2840 καὶ
1113 2774 1174 2855 τὴν
1193 2771 1301 2901 ἆνρλόε

138 2903 222 2959 caca
253 2882 309 2944 καὶ
344 2875 529 2965 σεμνότητα
561 2881 617 2959 τῆς
645 2883 841 2967 μουσικῆς
831 2882 998 2958 παντελῶς
1024 2877 1200 2969 ἀρχαϊκὴν
1212 2869 1300 2947 εἶναι

139 2989 357 3072 συμβέβηκεν.
401 2987 505 3078 Hujus
535 2988 780 3077 depravationis
797 2998 910 3055 auctor
931 2984 1134 3059 Pherecrati
1136 2985 1300 3121 Melanip·

138 3096 238 3184 pides
252 3094 366 3161 Melius
388 3104 479 3160 nota
479 3118 532 3159 ur
1112 3118 1114 3125 ·
1148 3120 1151 3125 ·
1192 3116 1196 3127 ·

337 3201 411 3285 ἐμοὶ
434 3199 498 3285 γὰρ
525 3187 600 3287 ἦρξε
622 3201 689 3265 τῶν
709 3203 818 3266 κακῶν
841 3142 1173 3281 Memoranda*-

340 3309 375 3371 ἐν
397 3310 485 3371 τοῖσι
506 3309 652 3391 πρῶτος,
660 3304 705 3383 -ὂς
727 3306 881 3392 λαβων’
862 3310 962 3388 cariaci
982 3333 1023 3394 με
1120 3330 1124 3359 ³
1174 3328 1208 3347 ¹·

337 3415 571 3501 χαλαρωτέραν
595 3414 625 3478 τ’
645 3412 782 3494 ,ἐποίησε
801 3416 939 3501 χορδαῖς
961 3412 1098 3479 δώδεκα.
1156 3452 1159 3457 ·
1277 3444 1281 3451 ·

139 3522 179 3588 de
202 3542 264 3611 quo
287 3519 359 3584 loco
382 3519 420 3584 R.
443 3521 569 3587 Hanov.
586 3522 726 3590 Exercit.
744 3524 810 3588 crit.
825 3547 855 3613 p.
869 3517 1098 3611 39'aptissime
1120 3522 1167 3588 sic
1189 3521 1301 3612 dispu-

138 3640 200 3695 tat:
232 3628 311 3710 „De
337 3624 399 3691 hoc
426 3636 534 3692 tamen
564 3651 698 3695 numero
730 3652 795 3694 non
824 3628 951 3694 videtur
980 3622 1197 3694 dubitandum*
1214 3646 1302 3696 'casse¹

138 3736 224 3804 Nam
246 3759 320 3802 cum
335 3732 467 3800 Athenis
488 3743 581 3799 vetus
598 3735 776 3823 Terpandri
792 3735 861 3823 lyra
881 3733 1043 3800 emendari
1064 3742 1181 3823 coepta
1204 3744 1302 3817 essct,

139 3844 178 3907 ab
202 3843 262 3908 alio
287 3841 373 3908 aliud
395 3843 464 3908 veri
487 3850 535 3906 cst
557 3840 658 3906 simile
676 3843 768 3930 'prius
791 3851 948 3907 tentatum
971 3842 1052 3921 esse,
1071 3854 1170 3931 quoni
1189 3838 1303 3908 Timo-

139 3948 203 4013 thei
232 3972 330 4036 opera
357 3949 427 4038 lyra
449 3947 496 4016 XI
527 3947 719 4014 chordarum
746 3950 955 4030 inveniretur,
989 3956 1021 4012 et
1049 3947 1213 4013 communi
1239 3970 1304 4013 usu

139 4056 343 4142 reciperetur.
387 4055 496 4145 ltaque
520 4054 751 4144 Melanippides
775 4064 849 4120 ante
876 4057 981 4143 potuit
1001 4050 1062 4120 XM
1089 4051 1216 4119 chordis
1245 4053 1304 4133 uti,

138 4162 233 4227 nixus
258 4160 493 4249 quodammodo
515 4171 626 4228 vetere
646 4160 850 4227 tetrachordo
874 4171 907 4227 et
923 4160 1139 4250 Pythagoreo,
1160 4157 1215 4224 vel
1236 4157 1304 4246 Ly-

140 4268 249 4333 caonis
266 4263 473 4347 octochordo,
496 4267 535 4333 dc
556 4290 619 4358 quo
639 4269 678 4335 ci.
696 4266 837 4335 Bocckh.
852 4266 892 4334 de
904 4267 994 4336 Metr.
1007 4265 1099 4334 Pind.
1112 4264 1231 4356 paca,
1248 4267 1305 4332 6.”
