2798 4672
157 263 232 338 132

156 447 312 538 queritur,
339 445 400 513 nisi
430 444 500 536 quis
527 444 605 510 velit
630 441 740 532 legere
768 464 810 509 cx
832 451 930 532 gente
958 441 1116 512 Thraciae
1143 443 1323 514 diomede

154 553 208 621 vcl
230 550 461 618 decalmatio?
504 548 628 618 Vemm
651 548 821 615 tamenab
845 571 894 629 eo,
917 558 953 615 ut
976 551 1146 618 exordium
1162 560 1326 643 repetam,

155 658 241 726 unde
262 658 438 749 plerisque,
473 657 527 748 qui
555 657 594 723 de
616 655 773 723 hocloco
801 655 959 746 judicium
985 655 1143 739 tuleram,
1174 659 1322 748 pendere

154 788 206 832 res
229 775 296 831 tota
318 766 388 831 visa
411 774 468 845 est,
490 785 659 854 qrraenom,
672 763 879 830 Memnonem
900 761 985 828 inter
1006 786 1045 830 ac
1067 762 1255 855 Dionysum
1273 790 1322 835 ex

154 874 288 939 vetustis
310 870 424 937 fabulis
446 870 665 936 intercesserit
686 878 743 945 aut
755 867 955 933 familiaritas
978 879 1035 935 aut
1055 870 1324 959 inimicitie‚·.ita,

155 989 193 1045 ut
217 989 329 1070 aptum
357 976 557 1065 dithyrambo
592 975 720 1051 caudam
748 975 879 1041 Memno
907 975 1062 1063 praebere
1091 987 1325 1068 argumentum

154 1087 304 1176 potuerit,
324 1082 596 1171 miror-equidem
615 1082 779 1147 neminem
800 1083 834 1147 in
854 1080 966 1163 locum
986 1081 1091 1149 Servii
1106 1087 1166 1168 ⁴⁸).
1181 1083 1225 1151 ad
1244 1083 1324 1151 Vir·

156 1191 209 1280 gil.
231 1190 365 1256 Aeneid.
389 1188 411 1269 l,
433 1211 481 1254 vs.
503 1188 567 1252 489
588 1188 754 1268 incidisse,
782 1189 836 1276 qui
858 1187 1024 1255 Priamum
1045 1198 1171 1271 narrat,
1191 1199 1229 1257 ut
1250 1189 1326 1259 Me*

155 1297 282 1362 mnonis
309 1294 369 1360 sibi
396 1282 552 1358 auxiliuin
580 1293 792 1374 conduceret,
821 1316 956 1361 aureum
984 1293 1124 1361 Tithono
1152 1294 1323 1385 palmitem

156 1403 241 1468 dono
264 1402 398 1467 misisse.
448 1401 522 1484 Quo
553 1400 638 1466 dono
668 1401 848 1488 largissimo
882 1410 1063 1466 commotus
1094 1424 1169 1468 curn
1196 1401 1321 1492 Perga·

155 1533 245 1576 mum
267 1509 409 1575 venisset
430 1506 584 1596 Aethiops
614 1507 721 1595 ibique
752 1527 826 1570 curn
849 1504 972 1571 Achille
996 1529 1206 1596 congressus,
1235 1509 1321 1575 diem

156 1637 343 1706 supremum
365 1613 505 1694 obiisset,
527 1636 593 1678 non
614 1613 772 1677 immerito
796 1633 874 1677 sane
895 1613 967 1700 ipse
988 1611 1138 1680 Bacchus
1154 1613 1321 1680 Memnoni

155 1731 292 1788 mortem
314 1720 470 1785 stmxisse
497 1717 572 1807 fingi
600 1718 712 1808 potuit.
757 1716 884 1802 Quodsi
906 1716 1022 1784 hocin
1052 1729 1244 1809 argumento
1266 1720 1320 1787 Si-

154 1827 319 1894 monidem
347 1824 457 1892 Musas
485 1834 629 1891 tentasse
651 1826 725 1916 jure
756 1822 1008 1915 suspicabimur,
1036 1836 1152 1915 suapte
1180 1826 1321 1893 'concidit

155 1933 254 2000 Henr.
277 1932 371 2000 Bodii
391 1930 573 2020 explicandi
593 1932 687 2012 ratio,
709 1933 764 2020 qui
786 1930 827 1997 ad
848 1929 1029 1997 Memnonis
1052 1955 1127 1998 cum
1149 1931 1319 2000 Bacchicis

154 2040 251 2106 rebus
283 2038 512 2128 explicandum
542 2061 742 2120 connexum,
776 2037 886 2103 nescio
923 2061 987 2126 quo
1016 2041 1090 2128 jure
1125 2039 1165 2105 de
1193 2039 1320 2105 Aurora

155 2145 336 2215 Memnonis
358 2155 461 2213 matre
485 2145 589 2234 (qumi
611 2143 719 2211 lucido
742 2143 858 2225 sidere)
879 2145 1042 2234 cogitavit,
1060 2143 1179 2211 Histor.
1203 2143 1319 2213 Graec.

155 2253 251 2323 Poes'.
274 2251 348 2317 Vol.
368 2250 403 2332 ll,
425 2253 447 2315 2
469 2275 500 2338 p.
513 2251 586 2317 237.
631 2249 736 2317 Aliam
756 2271 834 2315 vero
857 2250 943 2317 viarn
962 2249 1229 2317 Selmeidewinus
1251 2251 1322 2317 iniit

155 2381 185 2447 p.
199 2357 242 2422 53
265 2359 356 2446 cujus
378 2357 513 2444 vestigia
536 2354 695 2442 Bergkius
715 2355 903 2441 insequitur.
946 2354 1008 2420 Hic
1030 2357 1126 2443 igitur
1146 2356 1179 2420 in
1202 2354 1325 2442 dopna:

155 2473 230 2535 vata
255 2460 409 2527 librorum
435 2461 589 2529 lectione:
624 2459 799 2527 Δαλοοκῶν
826 2460 982 2539 innitens,
1018 2469 1115 2549 atquc
1145 2459 1322 2539 Δηλιακοῖν

153 2566 336 2640 facillimam
357 2567 426 2631 fore
449 2565 707 2632 emendationem
728 2573 833 2645 ratus,
861 2561 1080 2653 διθύραμβον
1108 2565 1173 2630 niv
1194 2567 1321 2647 Δηλια·

153 2673 221 2741 κᾶν
241 2675 286 2741 ita
307 2662 552 2760 intcipr'etotur,
584 2680 620 2737 ut
645 2671 729 2737 inter
755 2671 928 2743 Simonidis
958 2670 1177 2760 dithyrambos
1199 2674 1323 2747 fuerint

152 2779 299 2849 nonnulli
321 2781 354 2847 in
376 2778 534 2847 honorem
557 2775 642 2845 Delii
663 2777 802 2866 Dionysi
823 2779 1007 2868 compositi,
1029 2790 1144 2868 postea
1165 2779 1320 2871 singulari

155 2886 222 2952 τοῖν
249 2886 421 2975 dalmatio
451 2886 582 2951 nomine
611 2884 845 2975 comprehensi.
873 2924 916 2935 -
937 2884 1059 2953 Bacchi
1091 2909 1171 2959 vero
1202 2887 1319 2955 solaris

154 2993 240 3084 apud
260 2992 376 3067 Delios
398 2993 520 3059 cubum
542 2989 583 3057 ab
599 2990 739 3079 Etymol.
755 2990 837 3059 Gud.
852 3014 881 3080 p.
899 2992 967 3057 148.
981 2995 1018 3059 ll
1042 2988 1202 3070 Διόνυσος
1225 2990 1318 3080 παρὰ

154 3103 224 3176 τοῖς
235 3097 370 3180 Δηλίοις
385 3097 405 3164 ὁ
420 3096 522 3176 αὐτὸς
540 3099 585 3188 τῷ
600 3095 702 3187 Ἡλίῳ
717 3098 883 3184 νομίζεται
899 3098 1032 3166 indican‘
1048 3110 1148 3188 putat.
1182 3100 1319 3185 Vemm,

154 3209 282 3275 tametsi
302 3207 449 3296 Dionyso
472 3228 601 3295 quoque
628 3207 661 3271 in
684 3204 769 3273 Delo
791 3205 896 3272 insula
922 3204 1062 3273 honores
1091 3231 1164 3275 esse
1190 3206 1318 3283 habito's

155 3337 197 3379 ex
223 3311 375 3379 Dinarchi
403 3311 510 3394 Ιλόγου
538 3312 704 3391 Δηλιακοῦ
730 3312 817 3378 initio
846 3321 968 3401 pateat:
1001 3311 1233 3394 »Ἀπόλλωνος
1258 3310 1318 3379 καί

151 3414 276 3493 Ῥοιοῦς
303 3414 508 3504 Σταφύλου”
547 3422 622 3507 (quo
653 3419 693 3484 de
720 3420 759 3483 cf.
787 3417 897 3483 Herm.
920 3417 1030 3484 Adleri
1059 3420 1317 3487 dissertationem

155 3524 195 3593 de
217 3522 370 3591 Dinarchi
392 3526 488 3591 Attici
510 3525 644 3591 oratoris
673 3525 739 3590 vita
762 3534 795 3589 ct
816 3522 955 3589 dictione
978 3524 1085 3591 Berol.
1111 3526 1201 3591 1841.
1224 3549 1255 3617 p.
1273 3527 1316 3591 27

154 3629 235 3725 sqq,
250 3654 281 3721 p.
295 3630 360 3715 32),
383 3640 490 3697 tamen
512 3633 581 3698 veri
602 3630 731 3698 videtur
754 3630 886 3697 similius
911 3630 1059 3697 Gudiano
1084 3655 1213 3727 quoquc
1235 3630 1316 3722 Ety-

153 3782 354 3795 ψ

190 3865 227 3929 ⁴⁶)
247 3867 321 3917 Serv.
341 3866 384 3917 ed.
404 3864 472 3917 Lion
495 3865 575 3915 Toni.
595 3865 614 3929 1,
632 3880 657 3929 p.
676 3865 723 3916 83:
753 3862 816 3929 quia
840 3862 976 3914 Tithonus
999 3863 1082 3916 frater
1105 3864 1316 3917 Laomendootia

223 3958 316 4019 raptus
334 3953 368 4003 ab
386 3954 492 4004 Aurora
509 3951 594 4002 litium
612 3964 691 4000 saum
708 3951 880 4003 Memaornen
899 3967 933 4001 ex
955 3949 1015 4016 ipsa
1038 3949 1317 4017 progenitamtitlao-

223 4042 267 4089 tus
288 4039 359 4088 dono
383 4038 443 4091 vitis
465 4037 535 4104 (cod.
549 4035 616 4099 voti)
638 4037 751 4102 aureae)
775 4035 906 4105 [Priamo]
931 4037 966 4088 ad
991 4036 1092 4102 'trojae
1116 4037 1190 4091 misit
1213 4037 1316 4091 auxilia

215 4122 281 4190 ·[qot
299 4141 460 4191 congressos
478 4142 541 4178 eum
556 4123 676 4184 Achille,
702 4123 736 4174 ab
762 4139 795 4175 eo
820 4129 863 4175 est
879 4124 1072 4194 interemptos,
1095 4125 1174 4190 euius
1200 4130 1315 4179 mortem

220 4214 306 4261 roater
322 4213 427 4266 Aurora
445 4213 580 4280 hodieque
604 4209 735 4265 matutina
746 4216 823 4263 'voco
848 4212 914 4263 licre
932 4213 1090 4281 (Burrnann.
1108 4213 1181 4279 coni.
1199 4211 1315 4281 dedere)

221 4295 339 4367 diciturJ.
357 4326 392 4341 -
