2798 4672
1168 237 1243 312 133

74 421 208 512 mologo
236 418 442 487 reddendum
467 426 541 487 esse
558 417 783 487 ¹voeabrdum:
820 416 963 496 Platore
992 443 1036 486 ex
1062 417 1168 509 Etym.
1197 419 1242 487 Μ.

70 527 236 603 -Aoo'voooe
258 523 349 612 παρὰ
370 523 599 602 totalitatem
619 521 640 589 d
662 520 764 602 αὐτὸς
787 524 832 614 τῷ
849 522 952 615 Ἡλίῳ
971 527 1132 594 καλεῖται.
1175 525 1241 598 cn.

75 633 369 723 Prosymnae
393 632 533 699 Koester
553 655 652 700 cann.
672 632 781 722 popul
805 632 922 701 Graec.
936 657 971 725 p.
984 635 1036 703 41.
1046 633 1105 701 -42
1142 629 1241 703 ,Wol-

70 741 153 810 eler
170 740 333 807 Additum.
357 760 387 829 p.
409 741 480 805 190.
525 739 661 806 Deinde
682 741 739 806 vix
765 737 918 807 credibile
947 749 1010 820 est,
1036 739 1242 809 nobssimum
1327 746 1332 753 '

74 848 212 915 verbum
233 845 407 926 Δηλιακιῧν
428 851 598 936 tantopere
627 846 666 913 ab
695 868 759 912 uno
789 862 919 935 quoque
946 844 1147 913 librariorum
1167 860 1241 913 uor-

68 963 207 1045 .ruptum
228 975 312 1034 esse,
333 963 369 1019 ut
389 953 447 1018 vix
466 956 538 1044 ejus
562 954 695 1041 reperiri
715 951 852 1040 vestigia
867 953 1000 1040 possint
1045 949 1133 1035 Quid
1153 951 1242 1021 enim

74 1057 420 1137 verbisAeltdcaxoir,
450 1058 650 1123 Διλιδιακῶν
671 1068 704 1125 et
725 1057 932 1124 Aroetvamiv
953 1080 1028 1127 cum
1050 1056 1150 1123 verbo
1163 1057 1242 1139 'Any

76 1166 222 1232 amator
263 1168 311 1232 Ac
333 1164 535 1230 Aettdmroir
557 1165 689 1254 quidem
709 1164 794 1231 male
815 1166 930 1231 iterata
951 1163 1096 1231 secunda
1115 1161 1242 1252 syllaba

75 1273 181 1340 Arar
196 1271 346 1338 subnasci
369 1295 411 1337 ex
431 1271 605 1350 Δηλιακαῖν
625 1273 781 1362 potuerit3
811 1271 888 1363 quid
910 1294 988 1338 vero
1011 1268 1242 1336 decalvando?

75 1381 188 1470 ltaque
214 1377 274 1443 suh
303 1375 367 1443 hoc
399 1378 547 1469 prodigio
576 1401 688 1445 veram
718 1377 818 1445 latere
846 1377 1021 1446 lectionem
1048 1378 1242 1468 suspicatus,

35 1510 40 1517 ·
77 1483 293 1572 cumjLeone
321 1483 403 1550 duce
432 1484 472 1551 de
504 1486 652 1567 diversis,
686 1485 742 1575 qui
771 1485 959 1552 Simonidis
981 1485 1111 1551 nomine
1141 1481 1241 1551 incla-

77 1601 211 1661 ruerunt
232 1589 412 1657 hominibus
437 1599 505 1656 tum
527 1593 631 1679 poetis
655 1602 724 1658 tum
746 1590 903 1659 historicis
924 1593 1135 1682 inquirerem,
1165 1611 1242 1657 ecoe

76 1701 111 1765 in
132 1698 227 1765 Plinii
249 1720 376 1788 quoque
390 1695 504 1763 locum·
517 1697 600 1764 Hist.
615 1699 648 1766 N
650 1708 690 1766 at.
704 1697 759 1779 vl,
773 1699 817 1763 29
831 1699 938 1780 incidi,
960 1722 1058 1788 quem
1080 1699 1243 1788 integrum

78 1805 185 1896 placet
207 1803 404 1870 exscribere:
435 1802 628 1892 (Aethiopia)
652 1803 788 1885 „clara
810 1813 849 1870 et
870 1813 1011 1893 potens
1034 1806 1156 1870 etiam
1177 1826 1242 1868 us·

79 1936 152 2003 que
175 1910 220 1976 ad
239 1910 412 2000 Trojana
440 1907 550 1974 bella
572 1907 782 1974 Memnone
815 1918 1011 1997 regnante
1035 1917 1074 1975 et
1098 1909 1241 1998 Syriae

78 2019 333 2109 imperitasse
357 2037 441 2080 eam
473 2023 698 2102 nostroque
714 2011 838 2080 'litori
869 2023 1004 2080 aetate
1035 2015 1142 2102 regis
1167 2013 1242 2079 Ce-

77 2125 173 2216 phei
206 2129 319 2210 patet
350 2116 823 2185 Andromedaetabulis.
881 2118 1014 2186 Simili
1045 2117 1243 2187 modo-‘te

79 2228 373 2316 mensurat-<ejus
396 2225 508 2290 varia
529 2223 755 2314 prodidere.
799 2224 1117 2292 PrimueDalion
1138 2223 1243 2291 ultra
1305 2246 1311 2256 ’

79 2337 241 2404 hlertten
275 2331 510 2412 subvectus,
547 2352 640 2397 mox
672 2331 935 2397 Aristoereon
973 2341 1014 2399 et
1046 2331 1167 2412 Bion,
1204 2337 1243 2397 et

67 2438 239 2510 Basilis.
292 2436 525 2504 Simonides
564 2437 693 2503 minor
733 2439 855 2504 etiam
896 2437 1172 2529 quinquennio
1203 2436 1242 2502 in

67 2549 214 2617 'lllerbe
241 2554 439 2626 moratus,
472 2566 561 2610 cum
592 2543 638 2610 de
666 2542 882 2635 Aethiopia
907 2546 1148 2613 scriberet’·
1194 2543 1243 2609 Ac

77 2651 262 2723 Simonides
286 2651 416 2741 quidem
438 2652 543 2716 minor
563 2650 651 2716 idem
672 2650 814 2732 videtur,
845 2672 885 2718 ac
904 2652 1087 2720 Simonides
1107 2649 1242 2740 Magne-

77 2763 146 2830 sius
177 2758 218 2825 de
244 2778 308 2847 quo
341 2766 417 2846 post
438 2755 584 2823 Leonem
605 2755 627 2822 l.
649 2755 731 2822 let
752 2757 781 2822 J.
797 2755 844 2822 ·G.
861 2758 1021 2825 Nomium
1042 2758 1161 2843 Hister.
1185 2754 1241 2823 Gr.

79 2869 135 2950 IV,
156 2891 188 2958 p.
203 2865 270 2931 470
302 2863 429 2961 scripsit
458 2861 636 2929 hleinekios
667 2861 773 2939 Anall.
803 2861 978 2928 Alexandr.
998 2865 1122 2952 pstor.
1177 2862 1244 2946 Oui

80 2975 156 3043 licet
175 2975 209 3040 in
232 2995 286 3052 eo,
317 2969 404 3060 quod
426 2969 467 3035 de
486 2966 655 3058 Aethiopia
669 2967 856 3044 condidisse
883 2986 964 3056 opus
995 2968 1125 3050 dicitnr,
1155 2967 1244 3034 haud

79 3083 178 3150 dubie
200 3077 381 3146 Memnonis
406 3099 534 3167 quoque
554 3076 702 3166 injecerit
722 3075 935 3154 mentionem,
966 3082 1076 3141 tarnen
1096 3075 1130 3139 in
1151 3073 1242 3141 Stra·

80 3190 174 3257 bonis
195 3186 215 3252 l.
231 3184 251 3250 l.
272 3187 454 3250 etiamnunc
476 3182 613 3271 lyricum
633 3179 785 3270 intellego
802 3179 1021 3262 Sinaonidem3
1043 3179 1102 3247 sed
1123 3177 1242 3249 ibidem

81 3314 273 3389 persuasum
307 3297 369 3369 est,
401 3286 496 3353 Plinii
524 3311 586 3376 ope
618 3309 677 3376 pro
706 3287 773 3350 caio
800 3285 973 3353 Λαλιακοῖν
1007 3286 1243 3352 emendandum

83 3425 168 3470 esse:
200 3395 245 3475 oie
266 3395 456 3482 Σιμωνίδης
478 3393 514 3457 ἐν
534 3393 688 3477 Μέμνονι
709 3389 914 3482 διθυράμβῳ
938 3394 1017 3482 [καὶ]
1041 3391 1186 3481 Δαλ[ι’ων
1207 3393 1242 3458 ἐν

83 3504 117 3573 δ’
133 3504 330 3594 ΣυρῙιακῶν.
372 3503 515 3592 Apparet
535 3499 636 3566 verba
659 3497 691 3562 δ’
707 3500 881 3588 Συριακῶν
896 3500 1126 3591 depravatione
1141 3504 1242 3589 scrip·
1372 3553 1374 3558 .

82 3627 174 3683 turae
194 3616 227 3679 in
251 3607 450 3677 decalvando
473 3617 620 3674 contorta
643 3630 724 3673 esse.
768 3608 886 3675 Similis
910 3631 999 3674 error
1022 3632 1071 3697 ap.
1087 3605 1159 3672 Ath.
1175 3604 1243 3687 Vll,

81 3747 113 3814 p.
125 3722 189 3787 329
211 3721 239 3787 A
262 3716 439 3786 certissima
461 3712 620 3782 Dindorfii
652 3716 840 3806 conjectura
857 3714 1065 3804 'exstirpatus
1092 3721 1156 3792 est,
1189 3712 1244 3802 qui

81 3851 142 3920 pro
165 3826 202 3892 ἐν
224 3822 406 3915 dorovernia
427 3823 492 3913 legi
509 3822 617 3914 jubet:
649 3821 684 3885 ἐν
707 3816 742 3904 β’
770 3815 943 3899 Οἰταϊκῶν,
972 3830 1004 3886 et
1025 3842 1075 3909 ap.
1098 3815 1188 3883 Suid.
1211 3842 1243 3886 v.

82 3930 290 4021 Λούπερκος,
313 3968 358 3981 -
378 3928 506 4018 ἔγραψε
534 3930 609 4018 περὶ
641 3926 702 3994 τοῦ
728 3921 772 3992 ἂν
803 3925 835 4011 γ’
868 3929 943 4012 περὶ
969 3924 1030 3991 τοῦ
1055 3918 1156 4004 cuiue,
1189 3924 1244 3994 ubi

83 4043 212 4134 Toupio
231 4040 385 4109 debetur:

279 4146 353 4235 περὶ
376 4141 436 4210 τοῦ
454 4139 712 4230 Ἀντῆφῶντυς]
734 4141 772 4207 ἐν
789 4139 835 4229 τῷ
856 4139 930 4225 περὶ
952 4135 1052 4205 ταῶν.

170 4253 317 4326 Dolionis
337 4253 454 4322 iterum
482 4249 627 4320 meminit
647 4247 769 4318 Plinius
791 4246 874 4315 Hist
894 4244 969 4315 Nat
992 4243 1045 4328 Vl,
1066 4244 1118 4312 30.
1161 4245 1243 4330 „Ab
