2798 4672
1189 264 1264 338 259

140 437 179 505 ού
201 441 333 504 τουτονὶ
356 439 469 522 μέντοι
493 437 534 505 σύ
549 438 735 526 κιθαρίζειν
758 447 837 507 ποτὲ
859 439 972 508 αύλεῐν
995 441 1025 508 τ’
1049 444 1217 527 ἐδίδαξας.

98 547 243 613 Eandem
275 545 449 633 respiciunt
478 541 690 612 Pherecrates
720 550 753 613 in
786 548 995 616 Dulodidasc.
1024 553 1060 616 [ν.
1083 551 1162 618 Vlll.
1201 550 1261 618 ούκ

97 647 290 734 άπολιβάζω
313 649 460 733 (bleinek.
478 645 691 735 ἀπολιβάξεις
703 691 745 700 -
758 657 778 737 3)
800 655 858 717 καὶ
882 650 1057 744 τριχοίνους
1077 659 1134 720 καὶ
1148 655 1260 748 λύρας.

96 757 249 823 Anaxilas
273 778 322 846 ap.
345 755 458 822 Athen.
481 757 534 837 lV,
558 782 587 847 p.
613 758 721 825 1831).

295 860 354 945 ἐγώ
381 861 416 925 δὲ
438 861 633 948 βαρβίτους,
662 861 867 952 τριχόρδους,
896 861 1058 943 πηκτίδας

295 965 457 1056 κιθάρας,
479 966 595 1055 λύρας,
618 968 808 1056 σκίνδαιμον
829 968 1043 1057 ἐξιχρτυὸμην.

93 1078 168 1143 ldeo
192 1100 242 1166 ap.
264 1075 487 1142 Philemonem
509 1076 622 1143 Athen.
634 1076 689 1158 IV,
706 1100 736 1167 p.
752 1080 812 1142 175
824 1076 866 1142 D.
889 1076 941 1144 vel
962 1077 1124 1145 indoctior
1145 1080 1258 1171 aliquis

94 1183 237 1264 habetur,
261 1182 348 1272 quod
369 1177 489 1264 νάβλα,
513 1181 606 1272 quale
629 1183 669 1248 sit
690 1185 946 1263 instrumentum,
968 1185 1108 1251 nesciat:

294 1339 300 1352 .
346 1339 352 1352 .
397 1286 429 1350 τί
452 1283 533 1374 φής,·
554 1286 612 1353 ούκ
634 1276 743 1364 οἶσθα
763 1285 911 1371 νάβλανς
933 1285 1030 1353 οὐδὲν
1045 1277 1105 1355 οὖν

241 1381 368 1467 οἶσθας
389 1390 527 1476 ἀγαθὸν
549 1390 641 1477 οὐχ’·
669 1392 746 1460 οὐδὲ
768 1394 1030 1482 σαμ.βυκιςρίαν,·

93 1501 179 1585 Quid
195 1504 317 1566 mirum
342 1500 452 1589 igitur,
480 1503 508 1566 si
536 1502 652 1568 musici
674 1527 802 1593 quoque
832 1511 977 1568 veterem
1006 1503 1125 1568 bonam
1154 1515 1256 1572 artem

91 1606 317 1696 relinquerent,
340 1614 372 1671 et
391 1629 454 1695 quo
477 1605 688 1674 confidentius
710 1609 892 1674 auditorum
906 1608 1110 1675 indoctorum
1126 1621 1256 1699 captare

91 1715 226 1800 gratiam
249 1735 287 1778 ac
308 1710 565 1779 benevolentiam
586 1725 728 1802 possent,
750 1716 782 1780 in
804 1737 910 1780 meras
932 1719 1091 1805 nugas'et
1113 1718 1255 1807 quisqui-

90 1817 149 1883 lias
175 1816 366 1894 inciderent,
398 1817 484 1882 unde
512 1840 554 1882 ne
585 1820 783 1885 comicorum
811 1818 939 1908 quidem
968 1822 1255 1908 vituperationibus

91 1923 132 1989 ad
151 1932 273 1988 rectam
294 1945 368 1987 sese
391 1921 500 1986 reduci
523 1923 597 1986 artis
617 1924 773 1987 rationem
795 1932 987 2010 paterentur.
1040 1927 1087 1988 Ac
1115 1929 1255 2013 primum

91 2029 219 2118 quidem
239 2029 272 2093 in
292 2028 464 2093 modorum
485 2029 662 2094 mutatione
684 2031 765 2093 mira
784 2027 912 2092 licentia
935 2028 1094 2116 quaedam
1112 2033 1253 2098 musicos

89 2136 235 2219 incessit,
264 2156 327 2223 qua
355 2141 487 2221 propter
507 2155 573 2198 non
594 2133 690 2199 modo
714 2131 933 2220 Phrynnidem
957 2140 988 2198 et
1010 2132 1173 2200 Cinesiam
1195 2141 1253 2204 sed

89 2241 243 2330 imprimis
265 2237 471 2304 Timotheum
495 2241 591 2304 etiam
613 2239 820 2305 vehementer
842 2241 1019 2327 exagitatos
1044 2262 1115 2304 esse
1133 2264 1151 2304 a
1167 2241 1253 2310 Phe-

90 2356 213 2413 recratc
234 2345 380 2411 vidimus.
424 2345 500 2411 lnde
523 2345 777 2426 Anaxandrides,
801 2345 903 2409 bonus
924 2344 1011 2410 haud
1032 2345 1126 2412 dubie
1149 2345 1253 2437 dithy-

89 2454 272 2519 ramborum
304 2453 455 2541 scriptor,
497 2475 696 2541 operumque
728 2451 767 2516 ab
800 2452 870 2539 ipso
904 2452 1121 2540 profectorum
1149 2454 1253 2543 judex

89 2559 312 2624 acerbissimus
346 2581 442 2647 quem
480 2560 629 2649 antiquae
662 2557 843 2647 adscribere
871 2555 1002 2622 scholae
1031 2580 1096 2624 non
1127 2559 1252 2625 dubita-

88 2665 199 2744 verim,
214 2664 246 2728 in
262 2663 431 2728 Protesilai
446 2665 557 2751 fragm.
569 2664 590 2728 l.
606 2664 845 2730 harmoniarum
860 2665 1044 2752 perstringit
1059 2664 1251 2733 metabolen.

348 2762 460 2830 αύλεῐν
482 2764 518 2830 δ’
544 2763 657 2841 αὐτοῖς
679 2764 907 2853 Αντιχενίδαν.

343 2871 460 2959 Ἀργᾶν
482 2868 515 2936 δ’
542 2869 636 2960 ᾅδειν
656 2874 713 2936 καὶ
734 2871 920 2954 κιθαρίζειν

350 2977 587 3067 Κηφισόδοτον
611 2976 669 3042 τὸν
687 2973 891 3064 Ἀχαρνῆθεν

347 3088 482 3171 μέλπειν
505 3082 537 3150 δ’
563 3082 664 3175 ᾠδαῖς

348 3193 420 3259 τότε
441 3202 501 3279 μὲν
523 3192 684 3280 Σπάρτην
706 3190 767 3270 τὴν
789 3187 965 3278 εὐρύχορον

347 3299 419 3366 τότε
443 3299 475 3364 δ’
501 3289 545 3365 od
570 3300 686 3390 Θήβας
710 3296 769 3373 τάς
791 3295 997 3372 ἑπταπύλους

347 3403 415 3482 τάς
438 3407 481 3472 θ’
503 3405 704 3494 ἁρμονίας
725 3401 1007 3490 μεταβάλλειν.
1056 3461 1059 3464 ,
1137 3455 1139 3459 .

91 3525 164 3604 Qua
186 3513 349 3606 ἁρμονίας
377 3515 547 3604 μεταβολῇ
575 3514 651 3604 quid
678 3508 873 3602 significetur
903 3531 1002 3600 quum
1028 3529 1093 3574 non
1121 3503 1267 3574 omnino'

89 3629 172 3692 inter
190 3651 225 3691 se
255 3631 449 3713 congruant,
481 3634 563 3711 quae
593 3619 742 3685 dicuntur
764 3640 782 3682 a
805 3616 938 3682 diversis
960 3614 1181 3704 scriptoribus,
1212 3603 1257 3677 de¹

90 3734 240 3798 universa
270 3731 332 3797 hac
367 3729 511 3794 doctrina
545 3724 784 3792 accuratissime
817 3721 1014 3812 disputatum
1052 3729 1120 3800 est,
1152 3741 1171 3784 a
1200 3717 1251 3784 Fr.

91 3838 318 3904 Bellermanno
349 3829 549 3919 Ἀνωυύμου
577 3853 691 3921 coppo.
721 3853 756 3894 π.
784 3850 884 3913 poco.
905 3851 935 3916 p.
957 3823 1106 3890 30-34.
1156 3821 1253 3889 Hunc

90 3946 186 4034 igitur
198 3943 296 4031 legat,
316 3945 407 4010 cuius
424 3941 552 4008 novisse
574 3937 667 4028 plura
687 3939 828 4003 interest.
873 3933 959 4000 Nam
974 3931 1007 3996 in
1024 3936 1167 3994 nostram
1183 3951 1254 3995 rem

91 4049 226 4117 sufficiet
248 4045 421 4134 Phrynichi
441 4046 584 4114 attulisse
606 4044 704 4110 verba
728 4039 878 4128 (Bekkeri
899 4035 1042 4104 Anecdd.
1065 4057 1096 4123 p.
1117 4035 1166 4117 15,
1182 4034 1253 4119 25);

93 4176 175 4244 quae
208 4161 282 4218 ante
303 4150 566 4220 Bellermannum
588 4146 765 4219 bleinekius
787 4148 973 4212 incensum
995 4149 1169 4207 vocaverat
1190 4139 1210 4206 l.
1231 4138 1251 4204 l.

93 4261 177 4328 Sunt
194 4268 301 4329 autem
318 4259 416 4329 haec:
440 4254 483 4342 „ri
507 4262 567 4343 μὲν
589 4255 651 4347 μὰρ
670 4247 838 4340 μεταβολή
863 4251 953 4316 ἐστιν
968 4247 1002 4330 ἐξ
1021 4242 1140 4332 ὁμοίου
1154 4240 1275 4332 τόνου.

989 4357 1027 4422 17
1040 4361 1053 4390 *
