2798 4672
147 276 223 350 too

143 454 258 546 vtdgo:
287 453 408 541 Πειθώ
431 451 576 542 μολπάν,
601 448 735 520 'Auno
754 447 926 540 ξάμηυτος
947 447 1050 519 aldo·
1078 453 1215 519 θέοθεν
1234 454 1254 520 i.
1267 476 1308 520 o.

142 560 279 641 ἔνθεον,
301 571 338 627 ut
359 561 587 629 christodorus
609 561 739 649 Coptita
754 585 786 627 v.
801 563 842 626 41
866 558 989 626 ἔνθεον
1011 557 1145 649 ἱμείρων
1167 555 1309 649 άνάχειν

141 669 249 754 μέλος.
271 707 314 716 -
335 667 444 736 Versu
464 667 608 735 secundo
632 669 872 758 corruptissimo
894 667 969 737 dedi
989 659 1063 754 άμα
1085 667 1202 757 δὲρτο
1225 658 1252 730 ά
1272 667 1308 731 δὲ

143 786 177 841 et
196 771 282 839 λάλα
308 772 338 840 h.
363 797 390 838 e.
406 775 559 859 ρσνντιλσ
577 795 635 863 pro
663 767 749 836 ἀλλά
778 775 950 864 quaesere
977 775 1185 842 commutatio
1213 773 1304 841 nulla

142 889 201 948 est.
253 879 422 948 Simillima
456 881 542 947 enim
571 888 646 945 sunt
673 878 811 946 AAAA
833 889 865 948 et
883 880 1031 948 AAAA.
1080 881 1137 948 Sic
1163 880 1304 971 Erycina

143 985 223 1053 dixit
236 981 323 1051 λάλο
345 981 510 1072 κύμβαλα.
525 1024 568 1034 -
579 981 827 1072 χρυσοφαεννά]
849 986 947 1076 vulgo
963 976 1188 1085 χρυροηανῖα.
1209 987 1311 1061 Voce¹

140 1090 201 1159 hac
233 1116 317 1160 unus
357 1091 524 1182 hucusque
553 1093 700 1159 Anacreo
737 1115 814 1158 usus
849 1093 1018 1161 videbatur
1044 1086 1175 1184 (Bergk
1203 1088 1303 1161 PLG.

140 1199 178 1264 lt.-
199 1199 254 1282 24)
273 1197 534 1284 χρυσοφσιεννιῖν
560 1192 729 1284 πτερύγων
753 1193 883 1278 άηταῖς.
934 1199 1050 1291 Neque
1080 1222 1160 1283 sane
1186 1190 1306 1285 decunss

141 1300 219 1369 dum
242 1304 466 1393 grammaticas
487 1302 615 1394 regulas
647 1313 819 1370 consuetas
848 1307 985 1371 formata
1007 1329 1074 1374 vox
1097 1315 1154 1373 cst
1196 1304 1307 1374 Usita-

140 1410 202 1475 tior
223 1411 340 1485 forma:
358 1408 565 1497 χρυσοφαὴς.

152 1590 155 1595 ,
227 1516 349 1586 Ultimo
372 1539 470 1583 versu
485 1518 588 1582 forma
602 1515 704 1582 Dona
723 1513 945 1606 χαλκοπάρᾳον
968 1541 1033 1583 non
1055 1517 1218 1601 tentanda,
1241 1541 1307 1608 qua

139 1624 238 1689 ctiam
251 1622 428 1689 Pindarum
442 1646 538 1688 usum
553 1621 711 1704 videmus,
732 1645 790 1713 pro
803 1620 1040 1708 χαλκοπάραα,
1060 1618 1304 1710 χαλκοπαρηῖσι.

138 1767 182 1777 —-
199 1725 314 1813 χερσὶν
336 1728 423 1818 qnod
446 1729 548 1794 estin
570 1728 663 1794 codd.
686 1731 811 1795 retinui.
845 1728 963 1819 Bergk
979 1729 1177 1796 Commentt.
1193 1754 1224 1820 p.
1240 1729 1306 1795 374

139 1833 349 1901 confidentius
361 1836 473 1922 χεροῖν
485 1835 675 1902 emendavit.
712 1836 959 1903 Usitatissimum
974 1835 1168 1925 hymnorum
1179 1837 1212 1903 in
1224 1834 1307 1903 Dia-

137 1961 215 2005 nam
225 1939 349 2006 initium
377 1942 452 2008 luit:
474 1939 555 2018 Διὸς
576 1937 681 2030 κόραν
696 1938 856 2027 Ἄρτεμιν.
891 1941 1112 2032 Eurip.lphig.
1125 1941 1197 2009 Aul.
1209 1941 1303 2029 1476.

135 2041 242 2130 Ὑμεῖς
271 2042 304 2108 δ’
332 2041 547 2135 adunationes
578 2034 605 2111 ὦ
634 2044 781 2127 νεάνιδες
807 2048 939 2117 παιᾶνα
971 2049 1013 2139 τῇ
1042 2044 1102 2139 ’μῇ
1129 2046 1304 2136 ξυμηορᾷ·

138 2151 215 2230 Διὸς
237 2148 340 2239 κόραν
354 2149 529 2240 Ἄρτεμιν.
571 2155 670 2246 lphig.
686 2156 757 2223 Aul.
774 2159 867 2223 1521.
887 2153 997 2222 Ἀλλά
1019 2154 1081 2220 τάν
1104 2153 1180 2233 Διὸς
1201 2151 1306 2240 κόραν

138 2253 303 2346 κλὴσομεν
326 2257 502 2347 ’Ἀρτεμικ
523 2299 566 2309 -
605 2305 607 2308 ⁴
1162 2254 1167 2263 '

221 2365 274 2431 Ex
301 2364 418 2429 eodem
440 2368 582 2432 carmine
603 2364 780 2430 Meinckius
803 2367 907 2432 Anall.
929 2365 1046 2431 Alcxx.
1068 2387 1099 2452 p.
1118 2365 1182 2428 227
1204 2366 1305 2431 etiam

136 2473 218 2536 haec
239 2466 395 2557 Hesychii
417 2467 607 2559 deprompta
628 2479 721 2558 putat
742 2469 806 2535 vol.
829 2469 864 2552 ll,
886 2495 917 2561 p.
929 2473 1001 2536 998.
1050 2463 1300 2538 Πολυθάσανει

130 2571 276 2661 Ἄρτεμι
298 2568 516 2639 πολυθὺσανε
537 2568 658 2658 κούρα·
687 2572 744 2639 διά
765 2573 803 2640 τὸ
826 2575 993 2652 θυσάνοις
1014 2577 1072 2640 καὶ
1094 2573 1202 2655 αὐτην
1219 2576 1303 2664 χρῆ-

137 2683 237 2757 σθαι,
259 2674 282 2758 ἢ
303 2671 356 2744 ὅτι
377 2675 592 2764 πολλαχόθεν
615 2675 758 2768 ᾅσσεται
778 2678 822 2759 ὠς
837 2684 1004 2771 κυνηγέτις
1020 2675 1043 2762 ἢ
1058 2680 1303 2761 πολυθάϋκτος

136 2785 236 2875 (vulg.
260 2783 515 2868 πολυθοὶϋστος)
539 2780 560 2864 ἢ
585 2787 870 2866 πολυθυσίαστος.

221 2893 348 2982 Apertis
377 2901 485 2958 autem
512 2903 660 2960 veterum
692 2905 862 2962 auctorum
885 2897 1073 2962 testimoniis
1104 2894 1184 2963 haec
1205 2897 1238 2962 in
1261 2920 1301 2962 eo

136 3000 328 3069 exstiterunt
349 2999 464 3065 verba:

360 3103 538 3184 Μαινάδα,
563 3103 881 3199 θυάάαχφοιβάδα,
910 3107 1075 3175 λυσσάδα.

134 3317 190 3384 Sic
220 3320 306 3384 enim
328 3319 490 3387 Plutarch.
519 3322 561 3388 de
583 3322 678 3405 audd.
700 3330 799 3410 poett.
823 3345 850 3389 c.
872 3321 926 3391 lV.
971 3324 1131 3410 Τιμοθέῳ
1153 3320 1300 3408 μὲνγὰρ

91 3420 98 3435 ’
135 3418 256 3510 ᾄδοντι
277 3421 339 3513 τὴν
354 3420 518 3512 ’Ἄρτεμιν
538 3430 575 3493 ἐν
592 3429 635 3518 τῷ
651 3422 804 3515 θεάτρῳ·
829 3425 996 3494 Μαινάὸα
1017 3430 1087 3493 κτλ.
1135 3425 1301 3506 Κινησίας

133 3523 240 3604 εὐθὺς
262 3528 489 3616 ἀντεφώνησε·
537 3531 683 3614 Τοιαύτη
715 3557 771 3600 σοι
792 3532 951 3625 θυγάτηρ
979 3538 1118 3625 γένοιτο.
1171 3535 1299 3602 Eadem

131 3633 230 3702 habet
250 3633 413 3705 Plutarch.
435 3639 476 3706 de
499 3641 645 3731 Superst
672 3665 699 3708 c.
722 3639 757 3706 X
780 3645 822 3730 (p.
838 3645 921 3726 170).
943 3681 985 3691 -
1007 3642 1135 3710 Deinde
1156 3639 1254 3709 haec:

456 3747 520 3811 Διά
544 3745 684 3813 κυάνεον
711 3743 819 3812 πόλον
841 3743 973 3835 ἄστρων

435 3848 493 3916 διά
521 3849 553 3916 τ’
577 3849 756 3919 ω’κυτόκοιο
780 3852 929 3929 σελάνας.

130 3952 216 4023 Plut
240 3957 373 4042 Quacst
399 3957 534 4050 Sympp.
552 3958 600 4042 lll,
620 3961 669 4040 10,
685 3961 720 4024 3;
749 3951 838 4025 ὅθεν
859 3947 955 4046 οἶμαι
976 3961 1033 4026 καὶ
1054 3959 1114 4040 την
1129 3955 1297 4046 ’Ἄρτεμιν

130 4056 264 4144 λοχείαν
296 4064 352 4126 καὶ
379 4059 577 4132 Εἰλείθυιαν
608 4063 665 4129 οὐκ
698 4050 805 4129 οὖσαν
839 4064 968 4154 ἑτέραν,
1000 4061 1023 4145 ἢ
1053 4066 1112 4148 την
1142 4060 1297 4149 σελήνην,

130 4159 348 4250 ὠνομάσθαι.
403 4167 572 4254 Τιμόθεος
601 4167 634 4234 ‹l’
662 4166 815 4257 άντικρύς
843 4194 942 4261 φησι·
976 4171 1039 4240 Ate
1068 4169 1207 4240 κυάνεον
1224 4175 1294 4242 κτλ.
