2798 4672
678 1298 699 1363 l.

297 1438 378 1523 nu
407 1439 743 1526 Phiioxeno
774 1392 1084 1524 orruumo.

115 1832 194 1953 Dc
227 1882 406 1950 Philoxeno
439 1880 612 1972 Cytherio,
645 1887 698 1975 qui
732 1886 870 1974 primum
903 1881 1058 1971 prolixius
1093 1883 1266 1971 disputavit

116 1991 199 2058 Dru
211 1992 506 2057 Wrrrenoxcmus
526 1991 558 2055 in
571 1989 761 2056 Philomath.
780 1991 872 2057 Tom.
884 1988 918 2055 ll.
930 2011 961 2077 p.
973 1990 1030 2053 72:
1052 1987 1265 2069 „Camrinum

117 2097 285 2186 reliquias,
308 2099 364 2176 ait,
390 2099 525 2185 quaein
547 2106 694 2164 veterum
715 2096 929 2162 monumentis
945 2093 1004 2159 sub
1016 2092 1185 2160 Philoxeni
1205 2117 1264 2161 no-

120 2203 205 2268 mine
233 2203 390 2283 feruntur,
418 2203 472 2268 uni
497 2205 603 2293 potius
632 2203 799 2294 eidemque
828 2200 981 2289 Cytherio
1008 2207 1138 2289 poetae,
1168 2223 1265 2291 quam
1352 2231 1356 2237 ¹

118 2308 253 2374 diversis
275 2308 461 2376 tribuendae
474 2310 630 2377 videntur.
664 2310 729 2376 Eas
748 2308 909 2399 colligere,
927 2306 1108 2386 emendare,
1121 2305 1266 2395 digerere

117 2425 151 2482 et
180 2416 320 2481 auctoris
348 2415 446 2480 vitam
475 2415 643 2505 diligenter
665 2439 813 2484 enarrare
836 2437 954 2506 operae
975 2413 1114 2504 pretium
1136 2414 1218 2495 erit,
1234 2424 1267 2482 et

117 2529 343 2611 argumentum
365 2522 561 2588 conveniens
584 2522 689 2589 studio
712 2521 798 2590 docti
819 2522 960 2601 iuvenis,
988 2520 1042 2610 qui
1063 2541 1102 2586 eo
1124 2530 1267 2609 pertrac-

118 2627 214 2694 tando
244 2627 372 2717 etipse
401 2625 546 2717 proficiat
575 2637 608 2693 et
638 2627 707 2695 aliis
734 2628 866 2719 prosit.'‘
907 2625 983 2694 lnde
1005 2626 1140 2708 factum,
1161 2637 1198 2693 ut
1218 2625 1268 2696 hie

119 2733 230 2800 diebus
256 2731 311 2799 vel
340 2733 404 2799 duo
433 2733 651 2801 invenirentur
678 2735 764 2802 docti
790 2735 864 2816 vin',
892 2735 946 2824 qui
972 2754 1097 2798 morem
1119 2742 1269 2821 gerentes

120 2841 411 2920 Wrrrnneacnro,
435 2838 474 2904 de
491 2829 672 2907 Philoxeno
693 2843 835 2909 lacerent
855 2840 1167 2918 commentationem,
1190 2837 1270 2906 alter

117 2931 154 3010 L.
169 2946 206 3011 A.
219 2944 428 3012 Bsaoremos
449 2945 503 3012 De
517 2945 696 3014 Philoxeno
713 2947 866 3037 Cytherio
889 2943 1161 3030 dithyramborum
1173 2952 1270 3032 poeta

121 3051 369 3141 Gotting.1843.
392 3054 423 3118 8.
446 3051 526 3118 alter
548 3051 674 3120 Gnoso.
691 3053 881 3120 Birranrus
897 3049 1076 3129 Philoxeni,
1099 3047 1270 3132 Timothei,

122 3155 260 3223 Telestis
276 3157 671 3248 dithyrambographorum
683 3158 845 3249 reliquiae.
868 3155 954 3246 Lips.
980 3154 1070 3221 1843.
1092 3156 1123 3220 8.
1144 3155 1269 3224 Verum

122 3273 229 3329 tamen
267 3286 286 3330 a
318 3264 487 3331 Philoxeni
521 3266 662 3332 carmine
695 3264 910 3347 nobilissimo,
945 3265 1086 3330 Δεῖπνον
1117 3263 1270 3354 inscripto

123 3378 256 3458 uterque
276 3391 391 3435 manus
416 3370 580 3452 abstinuit,
601 3369 654 3437 ille
677 3371 805 3461 quidem
828 3375 870 3462 (p.
886 3373 941 3456 41)
969 3395 1042 3453 „ne
1069 3391 1202 3435 saxum
1229 3380 1272 3437 ut
1388 3392 1392 3397 ·

122 3476 231 3540 aiunt
252 3476 401 3541 sarrire
423 3499 499 3542 neu
520 3478 735 3543 temerarie
753 3478 792 3543 in
812 3501 856 3549 eo
880 3500 1045 3569 operam
1061 3473 1272 3543 collocare

122 3582 349 3664 videretur,
385 3582 489 3672 quod
519 3584 646 3648 etiam
679 3585 1051 3653 exercitatissimis
1080 3581 1197 3664 viris,
1229 3592 1273 3648 ut

122 3687 330 3756 hlnrnnxro
359 3697 391 3754 et
417 3686 601 3754 Bnuoxro
636 3688 901 3781 desperatum
929 3690 1010 3756 sit‘’
1033 3691 1076 3773 ¹);
1112 3685 1165 3753 hic
1185 3711 1274 3769 vero,

124 3795 276 3884 quoniam
291 3795 421 3860 omnino
434 3793 678 3861 abiudicandum
694 3806 840 3864 censeret
853 3797 1048 3864 Convivium
1062 3816 1081 3859 a
1094 3791 1273 3861 Philoxeno

124 3898 288 3987 cytherio.
334 3901 427 3985 Quae
451 3923 524 3967 cum
545 3902 589 3967 ita
612 3904 683 3983 sint,
696 3905 916 3992 quaestionem
940 3901 979 3967 de
992 3897 1172 3966 Philoxeno
1192 3921 1273 3966 non-

126 4046 327 4062 ...ὴ-,-

160 4133 180 4198 ¹)
200 4135 368 4201 Quamquam
388 4137 461 4184 recte
479 4131 506 4184 id
524 4132 624 4185 facturn
642 4150 701 4186 esse
721 4134 939 4187 Schneidewinus
964 4129 1108 4182 arbitratur
1125 4130 1153 4184 in
1171 4131 1276 4199 „Gaet-

202 4219 290 4286 tiager
307 4217 427 4286 gelehrte
443 4217 602 4285 Anzeigen”
623 4221 698 4274 1844.
719 4222 801 4273 Stiick
819 4221 862 4276 66.
879 4218 962 4287 April.
980 4219 1075 4285 uoto.

1034 4320 1076 4381 „
