2798 4672
1191 258 1266 336 165

104 426 306 506 Μαολλὶἱολο
333 441 393 506 dor
420 436 585 525 Delphina
612 439 729 505 laer'rren
750 439 890 506 Aratteil
917 441 1036 522 hatte,
1064 441 1145 509 oder
1172 443 1265 510 ιιιόλλ

104 543 188 611 ολαο
209 543 349 611 Aestate
371 544 529 611 derrihrte
555 545 604 612 aia
624 546 686 611 mit
714 545 820 610 eirrem
848 545 944 612 Wort
966 546 1088 629 Arion,
1107 548 1189 614 ond
1213 548 1266 614 dte

102 649 228 717 welche
261 652 313 715 dio
343 649 541 736 Erzddlung
580 651 808 731 aaudildetcrr,
841 651 914 717 ααιλ
943 648 1007 737 fiir
1036 653 1100 729 ders
1132 653 1265 741 seraper

102 757 206 823 aeldat
233 755 303 823 sich
328 779 375 822 zu
403 755 589 843 begeiaterrr
616 759 680 823 das
698 757 808 823 Ilacltt
822 794 825 799 ·
838 756 976 836 hatten,
1005 756 1190 826 λυπαλαλοιι
1216 761 1265 827 sic

99 861 289 949 geschicht,
316 884 373 927 ααι
399 862 468 938 aas,
488 862 702 928 nazaraenae
727 864 799 928 uod
825 861 994 929 riihrerrde
1019 863 1192 932 dcrselden
1216 888 1264 932 zu

102 966 298 1034 vermeltren
319 969 392 1034 und
417 968 524 1035 durch
554 990 641 1034 neue
667 967 825 1035 Wunder·
844 968 905 1033 der
925 967 1044 1036 Konat
1072 970 1136 1036 dor
1157 971 1265 1038 Arion

102 1073 207 1140 nabeo
229 1074 293 1139 deo
312 1071 467 1158 orpheus
489 1075 561 1140 aad
579 1074 745 1160 Amphion
765 1097 819 1142 zu·
835 1073 983 1143 aaaron.
1005 1108 1050 1123 —-
1070 1075 1113 1141 At
1136 1084 1265 1166 quanta,

104 1200 234 1268 quaeso,
256 1177 337 1244 haec
361 1177 525 1268 allegoria.
568 1177 631 1247 Illis
654 1201 732 1246 vero
755 1177 912 1270 exemplis
935 1180 1097 1262 omnibus,
1120 1203 1204 1271 quae
1221 1204 1265 1248 ax

101 1281 298 1373 mythologia
330 1281 370 1348 de
391 1281 558 1350 hominum
577 1285 612 1351 in
635 1284 860 1376 delphinorum
888 1287 987 1376 tergis
1016 1285 1263 1376 equitationibus
1368 1298 1371 1303 '

102 1389 241 1479 collegit,
267 1387 345 1455 nihil
365 1412 498 1479 prorsus
520 1391 667 1458 eflicitur.
710 1391 777 1458 Sed
799 1391 827 1456 si
847 1391 947 1459 Arion
967 1391 1152 1484 prodigiosa
1174 1392 1265 1485 equi·

102 1497 221 1562 tatione
238 1495 409 1562 aTarento
427 1494 597 1564 Graeciam
617 1495 838 1587 proficiscitur,
858 1495 933 1564 huic
954 1499 1128 1564 narrationi
1150 1496 1265 1565 eadem

101 1603 151 1667 vis
164 1602 257 1682 inest,
280 1609 376 1692 atque
391 1603 419 1668 si
434 1626 462 1669 e.
475 1625 505 1693 g.
527 1601 680 1684 „lacerati
695 1602 816 1694 Orphei
831 1612 929 1694 caput
944 1626 1019 1670 cum
1035 1602 1107 1693 lyra
1117 1604 1152 1670 in
1173 1624 1264 1670 mare

104 1707 265 1799 dejectum
288 1707 329 1774 ad
349 1707 493 1775 Lesbum
513 1707 652 1774 insulam
676 1708 817 1776 delatum
839 1733 912 1776 esse
940 1715 1095 1776 narrant”
1122 1709 1155 1791 ii,
1182 1730 1264 1800 quos

100 1812 211 1879 laudat
231 1811 354 1879 Bodius
376 1812 419 1879 de
441 1811 572 1903 Orpheo
592 1837 624 1902 p.
636 1816 689 1894 86,
711 1825 766 1880 aut
786 1814 961 1902 „Marsyae
980 1815 1072 1880 tibias
1094 1815 1209 1896 lerunt,
1230 1814 1265 1881 in

100 1918 315 1985 Menandrum
337 1921 511 2009 conjectas,
540 1916 657 1983 deinde
678 1920 775 1984 maris
797 1918 944 1985 fluctibus
966 1921 999 1984 in
1016 1919 1183 2010 Aesopum
1205 1919 1263 1986 de·

99 2023 182 2090 latas
213 2033 246 2089 et
272 2024 305 2088 in
333 2023 488 2111 Sicyonia
515 2045 535 2088 a
561 2032 692 2111 pastore
727 2032 870 2113 repertas
901 2029 997 2090 esse'’
1031 2045 1139 2112 neque
1174 2022 1262 2090 aliud

101 2133 278 2224 quidquam
298 2128 377 2209 vult,
401 2127 463 2192 nisi
483 2149 606 2193 novum
629 2126 792 2218 quoddam
812 2136 909 2218 atque
929 2129 963 2195 in
982 2126 1121 2194 Graecia
1140 2125 1262 2194 hucus-

100 2261 165 2329 que
191 2235 370 2303 inauditum
397 2233 536 2300 musices
559 2242 663 2324 genus
685 2234 811 2301 Arionis
833 2255 933 2324 opera
954 2255 974 2299 a
995 2232 1177 2300 Tarentinis
1199 2233 1261 2301 im·

98 2345 258 2432 migrasse
288 2351 466 2408 transmare
500 2342 533 2406 in
563 2339 742 2407 Graeciam.
797 2340 971 2431 Aptissime
996 2361 1079 2427 ‘vero
1110 2336 1261 2429 delphino

100 2449 272 2517 vehentem
293 2447 455 2514 linxerunt
475 2455 602 2528 vatem;
636 2470 717 2537 quos
745 2445 971 2535 φιλομούσοος
999 2454 1068 2513 tota
1087 2444 1262 2513 celebravit

101 2557 285 2646 antiquitas3
313 2554 468 2644 imprimis
495 2575 574 2619 vero
596 2548 777 2640 φιλαύλους
798 2562 841 2620 et
870 2551 1040 2620 saltatores
1069 2574 1126 2619 eos
1146 2549 1260 2619 lauda·

101 2672 185 2747 runt,
210 2661 297 2728 unde
318 2657 519 2747 Aristophan.
541 2656 624 2725 Rau.
649 2659 746 2724 1324:

358 2755 422 2827 ‘'Iv'
444 2758 464 2825 ὁ
486 2761 688 2848 φίλαυλος
708 2761 829 2827 ἔπαλλε
850 2761 994 2848 δελφὶς

365 2863 509 2953 Πρώρας
526 2866 772 2953 κυαυεμβόλους

101 3000 241 3070 quocum
268 2977 385 3043 Anton.
417 2975 643 3041 Westermann
670 2973 830 3041 hleletem.
853 2969 901 3038 Ill.
933 2973 1016 3040 Actt.
1044 2972 1120 3039 Soc.
1143 2971 1258 3038 Graec

99 3084 186 3174 Lips.
207 3083 299 3165 1836,
313 3103 344 3170 p.
359 3082 396 3146 ll
422 3081 559 3147 conferri
575 3081 669 3172 jubet
688 3080 796 3148 Nono.
818 3077 955 3166 Dionys.
976 3075 1163 3159 XXXVIII,
1184 3076 1258 3142 37⁰.

99 3188 316 3276 κυβιστητῆρι
338 3187 373 3250 δὲ
394 3187 516 3274 παλμῷ
536 3186 602 3268 ἕλιξ
626 3182 801 3274 ω’ρχήοαιο
822 3179 947 3268 δελφίς.
960 3183 1095 3282 ΙΡὶῐι(1υι·.
1109 3207 1159 3274 ap.
1172 3180 1259 3250 Plus

100 3297 212 3387 Symp.
234 3297 381 3379 Quaestt.
402 3291 470 3377 VII,
489 3294 519 3358 5.
542 3294 572 3357 2.

428 3448 435 3464 .
481 3450 488 3463 .
532 3392 630 3462 ἁλίου
650 3396 844 3480 δελφῖνος
864 3390 1038 3484 ὑπόκρισιν

325 3501 394 3569 ada
414 3507 487 3589 μὲν
514 3499 678 3588 ἀκύμονος
699 3503 736 3567 ἐν
757 3497 883 3568 πόντου
903 3499 1037 3592 πελάγει

322 3607 456 3674 αὐλῶν
477 3605 628 3690 ἐκίυηο’
652 3609 799 3698 ἐρατὸν
819 3609 949 3695 μέλος.

99 3722 204 3788 Poeta
224 3721 335 3786 ineest.
359 3717 445 3808 apud
467 3717 602 3784 Cramer
623 3715 743 3784 Anecd
766 3714 868 3782 Paris.
889 3715 983 3784 Toni
997 3712 1053 3795 IV,
1074 3735 1105 3803 p.
1118 3711 1192 3790 2⁷5,
1204 3707 1257 3774 23.

100 3824 217 3912 δελφίς
248 3828 419 3912 παραπλεῖ
445 3824 503 3888 καὶ
535 3822 687 3910 περιπλεῖ
714 3820 776 3901 τὴν
806 3818 927 3910 λύραις
961 3841 1024 3910 quo
1056 3819 1091 3883 in
1116 3814 1259 3881 carmina

100 3955 218 4000 caveas
240 3954 282 3999 ne
303 3953 434 3997 versum
454 3930 607 4020 primum:
632 3923 768 4016 Ὀρφεύς
788 3949 837 4005 τις
855 3921 877 4006 ἢ
902 3921 1052 4008 θάμυρις
1073 3915 1095 3999 ἢ
1115 3920 1172 3985 καὶ
1190 3918 1258 3984 Ks-
1378 3993 1383 4001 Ι

100 4033 202 4126 aanor
228 4037 370 4127 corrigas
397 4037 431 4102 in
465 4030 489 4115 ἢ
516 4057 566 4113 τις
596 4030 745 4123 Θάμυρις
772 4037 889 4126 quippe
917 4028 1004 4122 quod
1031 4026 1085 4095 hic
1107 4034 1204 4118 poeta
1224 4025 1258 4095 in

100 4147 267 4214 nominum
287 4140 438 4235 prosodia
459 4164 558 4233 saepe
579 4141 769 4234 peccaverit.
806 4180 809 4185 -
