2798 4666
189 266 266 340 214

190 448 283 532 ditur,
303 457 340 515 ut
356 443 399 516 ne
419 450 519 516 vitam
540 446 670 538 quidem
691 464 822 512 servare
843 444 948 510 uuus
963 452 1083 532 posset
1126 442 1256 513 Eadem
1266 442 1353 514 blaa·

188 572 268 644 syae
289 572 364 622 cam
386 552 535 644 Apolline
556 552 762 634 concertatio,
785 547 915 617 Baccho
939 557 972 615 et
994 549 1118 638 Cybele
1139 549 1203 619 (lea
1225 551 1354 621 adsten-

189 659 274 726 tibus
294 662 434 727 cemitur
448 663 481 727 in
495 658 601 751 lapide
616 656 775 746 insculpta
791 655 877 745 apud
890 654 1196 723 Winckelmannum
1210 656 1353 726 Menum.

191 775 254 833 ant.
275 767 359 834 ined.
381 788 412 832 n.
434 764 557 834 XXIV.
591 766 665 834 Vid.
687 766 764 832 Otto
779 761 865 828 Jahn
887 761 1026 829 Vasenb.
1040 762 1136 852 pao,
1150 760 1206 829 22.
1236 762 1354 831 Schuls

189 871 307 939 Bullet.
332 873 423 939 1836.
446 894 477 962 p.
502 874 573 938 122.
618 872 683 939 Tot
709 871 807 960 igitur
829 878 1020 958 argumenta
1049 878 1125 935 sunt
1154 888 1200 935 ex
1219 866 1355 937 lreroum

188 979 289 1067 petita
309 979 552 1061 narrationibus,
575 987 732 1069 quatenus
756 975 797 1041 ad
818 973 986 1042 Bacchum
1006 975 1168 1065 pertinere
1183 976 1356 1045 crederen-

190 1092 257 1167 tur3
280 1105 418 1174 quorum
438 1106 593 1152 recensus
613 1106 679 1150 non
702 1104 819 1149 vereor
839 1104 882 1149 ne
903 1080 1041 1147 multum
1058 1083 1171 1171 augeri
1182 1084 1355 1173 possotsi

191 1187 284 1277 plura
307 1189 348 1255 ad
369 1211 429 1255 nos
453 1188 727 1280 dithyramborum
748 1190 929 1278 fragmenta
950 1187 1205 1278 pervenissent:
1257 1240 1260 1245 .

278 1294 346 1362 Sed
376 1319 475 1385 quum
505 1296 710 1362 Lenaeorum
738 1294 919 1382 Dionysus,
951 1315 1017 1359 non
1050 1315 1116 1359 uno
1139 1294 1287 1362 'nomiae
1317 1294 1355 1363 aul

192 1398 379 1468 chthonium
401 1401 523 1469 cultum
542 1412 575 1469 et
595 1422 688 1467 sacra
708 1400 871 1466 Eleusinia
899 1398 1086 1488 pertineret,
1113 1396 1183 1465 lieri
1209 1408 1279 1469 non
1299 1424 1354 1493 po·

191 1507 261 1589 tuit,
295 1510 370 1598 quin
403 1509 599 1596 argumentis
627 1507 696 1573 istis
728 1504 895 1596 paullatim
926 1503 1025 1570 etiam
1052 1504 1183 1573 Cereris
1209 1528 1287 1575 sese
1319 1529 1353 1575 ac

191 1611 406 1701 Proserpinae
431 1616 552 1679 mentio
578 1614 790 1692 immisceret,
821 1620 877 1677 aut
910 1617 998 1676 certe
1029 1633 1073 1677 ex
1100 1628 1216 1679 earum
1240 1612 1353 1681 fabulis

191 1715 366 1783 nonnullae
404 1719 634 1807 dithyrambice
671 1725 901 1798 tractarentur,
948 1738 1032 1805 quae
1054 1714 1162 1783 baud
1190 1716 1306 1787 -iubie-
1333 1734 1355 1787 'a

192 1819 323 1888 Baccho
344 1821 566 1915 longinquius,
597 1846 693 1914 quam
719 1822 760 1888 ab
785 1821 958 1888 Eleusiniis
983 1822 1167 1889 numinibus
1197 1822 1353 1892 abessent

191 1924 266 1994 Huc
293 1930 327 1994 ni
359 1930 467 2014 fallor,
498 1932 637 2022 pertinet
661 1927 883 2017 Melanippidis
912 1926 1146 2015 dithyrambos:
1170 1930 1354 2015 Δαναΐδης

192 2033 247 2122 qui
277 2044 445 2123 praeterea
475 2035 538 2103 hoc
565 2037 695 2103 nomine
725 2032 940 2101 memorabilis
973 2042 1039 2116 est,
1072 2032 1161 2125 quod
1193 2036 1355 2121 irtertltm

193 2137 467 2226 ditlryramborum
489 2165 619 2234 quoque
646 2141 755 2209 titulos
780 2163 798 2206 a
819 2138 918 2206 choro
948 2139 1171 2209 denominatos
1197 2152 1275 2211 esse
1299 2142 1354 2211 io'·

191 2265 267 2311 cere
287 2247 444 2315 videatur.
486 2249 572 2317 Nam
594 2271 669 2315 cum
691 2246 785 2338 cyclii
806 2244 933 2311 charia
961 2246 1193 2337 qninquaginta
1219 2246 1355 2319 eboreu-

191 2350 231 2416 tis
261 2362 467 2435 canerentur,
495 2376 562 2421 non
591 2355 716 2438 dubito,
751 2353 827 2443 quin
848 2348 1003 2419 Darat
1030 2350 1114 2419 [iliae
1140 2351 1240 2445 hujus
1267 2354 1356 2423 droti

191 2454 360 2522 saltatores
382 2462 702 2548 repraesentaverint.
745 2459 799 2526 De
819 2456 1005 2524 Danaidum
1027 2464 1102 2523 crim
1121 2458 1255 2527 Baeobe
1277 2482 1355 2529 con·

188 2561 355 2649 junctione
377 2562 473 2629 Paus.
486 2564 522 2645 ll,
536 2565 588 2646 37,
603 2567 633 2630 2.
663 2562 784 2651 »ἑτέρῳ
810 2563 846 2626 δὲ
876 2562 944 2653 ναῷ
965 2559 1165 2641 Διόνυσος
1184 2559 1356 2647 Scitne

191 2661 389 2750 καθὴμνον
425 2667 546 2749 ξόανον
576 2671 635 2735 καὶ
663 2664 874 2756 Ἀφροδίτης
911 2666 1067 2756 ἄγαλμα,
1100 2670 1158 2737 irai
1186 2658 1354 2761 θαλάσσῃ

190 2768 311 2837 λίθου·
359 2769 544 2842 ἀναθεῖναι
571 2777 606 2841 δὲ
636 2772 720 2842 αὐτὸ
749 2775 820 2853 τὰς
851 2777 1088 2865 θυγατέρας
1119 2778 1268 2864 λέγουσι.
1287 2776 1354 2855 τὰς

189 2874 387 2945 Δανάου.”
430 2881 480 2949 Cl.
504 2882 577 2949 Gail
598 2882 619 2951 l.
643 2883 663 2949 l.
684 2905 715 2973 p.
737 2883 811 2950 245.
860 2882 971 2949 Possit
1002 2884 1099 2950 etiam
1125 2882 1291 2977 Euripidis
1309 2884 1350 2971 ,in

190 2983 337 3077 Cyclope
357 2986 449 3054 locus
470 2989 621 3056 427-30
642 2988 706 3056 huc
728 2989 834 3056 alieni
853 2988 884 3054 si
903 3011 1003 3055 sanus
1026 2998 1131 3056 esset:
1241 3042 1245 3047 .

390 3090 467 3159 ἀλλ’
492 3091 603 3160 εἴπατ’
626 3096 691 3160 si'te
709 3089 835 3186 χρῄζετ’
864 3089 924 3158 si‘r'
948 3089 988 3159 ori
1005 3092 1138 3186 χρῄζετε
1280 3150 1284 3157 ,

391 3197 525 3288 φεύγειν
546 3198 688 3288 ἄμικτον
714 3198 823 3286 ἄνδρα
844 3202 903 3265 καὶ
925 3197 967 3263 τὰ
989 3201 1140 3289 Βακχίου

388 3306 496 3372 ναίειν
515 3310 675 3395 μέλαθρα
697 3306 880 3377 Δαναΐδων
900 3306 1043 3394 νυμφῶν
1063 3310 1158 3392 μέτα.
1234 3342 1240 3351 ·

188 3407 232 3471 At
250 3408 295 3475 ibi
315 3422 372 3478 aut
392 3415 520 3479 vatius
539 3415 658 3506 legitur
679 3424 734 3482 aut
754 3408 937 3495 Ναΐάδωνς
959 3415 1046 3503 quod
1060 3414 1259 3485 Valienaer.
1276 3416 1348 3485 ltus

186 3510 310 3581 Phoen
333 3539 363 3606 p.
386 3519 458 3586 440.
491 3521 653 3588 Welcker.
675 3520 837 3610 Additp
858 3521 923 3584 218
943 3520 1103 3655 praetulit
1157 3522 1284 3591 Tamen
1305 3542 1347 3589 rre

187 3620 234 3686 sic
257 3621 387 3711 quidem
407 3622 517 3691 locum
539 3629 686 3693 omittere
708 3625 806 3694 volui.

271 3728 398 3797 Eodem
420 3731 534 3821 opinor
555 3731 745 3821 dithyrambi
767 3732 973 3823 Aristagorae
994 3734 1157 3803 referendi
1176 3744 1273 3819 stant,
1300 3732 1350 3827 qui

186 3857 261 3901 eum
280 3837 315 3902 in
336 3836 529 3904 carminibus
551 3838 617 3903 suis
639 3839 780 3928 profanis
812 3862 851 3906 ac
872 3839 1081 3930 popularibus
1102 3839 1228 3909 fabellis
1250 3841 1350 3911 iniria·

185 3948 292 4007 torum
322 3967 439 4011 arcana
467 3941 584 4031 (ἱερούς
606 3940 734 4034 λόγους)
763 3946 1006 4027 immiscuisset,
1037 3947 1209 4037 impietatis
1240 3956 1350 4038 postea

186 4057 354 4114 accusatus
378 4060 435 4118 est.
469 4049 578 4118 Schol.
602 4051 697 4117 Arist.
720 4050 801 4117 Avv.
828 4052 921 4119 1395.

270 4149 341 4218 Nec
363 4165 472 4223 tamen
499 4179 539 4225 ea
565 4155 686 4238 solum,
718 4179 815 4247 quam
845 4180 922 4225 cum
949 4156 1070 4225 Cerere
1091 4156 1246 4227 Bacchus
1274 4180 1350 4229 eon·

183 4254 387 4326 suetudinem
408 4270 628 4346 contraxerat,
656 4260 714 4331 sed
737 4286 777 4331 ea
796 4265 911 4343 etiarn,
941 4286 1026 4355 quae
1047 4284 1124 4333 cam
1142 4262 1278 4355 Cybele
1292 4264 1351 4359 ipsi
