2798 4672
1204 209 1278 287 183

119 394 248 482 μάσαι
272 394 316 460 τὸ
339 392 546 485 ᾀδόμενον
566 391 642 460 ὑπὸ
664 393 735 458 τοῦ
752 394 878 481 χοροῦ
903 392 1109 461 nuncetiam
1130 393 1163 458 in
1184 393 1282 484 Saty-

120 507 170 572 ris.
191 506 246 571 ctr.
270 504 374 592 Toup.
397 502 455 570 ll
479 501 651 570 Luetekius
673 526 703 592 p.
722 501 765 566 24
788 500 826 567 cl.
850 501 901 580 28,
924 499 974 565 30.
1014 497 1157 565 Jacobus
1181 498 1221 584 Q.
1244 499 1281 567 S.

122 636 152 701 p.
171 612 215 677 25
232 633 301 700 sqq.
337 608 496 693 Boeckius
519 609 640 675 Oecon.
664 607 735 674 Aah.
760 607 853 674 Tom.
871 603 905 686 ll,
927 628 958 694 p.
975 605 1047 670 362.
1097 604 1165 670 Sed
1187 604 1283 671 dum·

118 718 217 782 modo
230 727 396 782 teneamus
413 714 648 804 dithyrambum
664 713 703 779 ab
718 712 836 778 Arione
854 715 1057 778 inventurn
1076 733 1159 792 esse,
1174 711 1282 777 omnia

118 845 199 889 sana
216 822 416 888 videbuntur.
452 821 668 910 Tragoediam
685 821 770 885 enim
788 840 863 884 cum
884 841 904 883 s
926 815 1126 905 dithyrambo
1147 815 1281 883 fluxisse

117 925 284 996 Aristoteli
313 926 472 992 credimus
503 927 648 1006 testanti,
679 926 829 991 Arionem
855 925 950 990 etiam
977 920 1134 1012 τραγικοῦ
1156 916 1282 1008 τρόπον

118 1038 320 1101 inventorem
338 1035 412 1122 jure
429 1034 539 1099 vocari
557 1054 664 1122 posse,
684 1030 816 1119 negabit
835 1052 946 1111 nemo,
968 1029 1055 1094 idem
1078 1029 1175 1094 etiam
1192 1025 1281 1112 πρῶ-

119 1160 175 1213 τος
192 1136 294 1224 χορὸν
310 1137 434 1216 στῆσαι
456 1138 570 1204 dicitur
587 1137 762 1219 verissime,
780 1159 856 1201 nam
877 1135 1017 1224 cyclium
1038 1131 1184 1212 chorum,
1204 1129 1235 1197 b.
1252 1157 1278 1199 e.

119 1244 300 1311 ordinatum
321 1254 390 1310 arte
419 1245 623 1324 moderante,
654 1264 720 1309 non
749 1241 1073 1309 autoschediasticum
1102 1247 1134 1305 et
1160 1236 1279 1304 tumul-

119 1353 266 1430 tuarium,
288 1351 409 1440 primus
432 1351 589 1417 instruxit.
634 1349 705 1418 Nec
727 1348 805 1415 mihi
826 1347 946 1415 Suidae
967 1343 1278 1413 verberatam.

118 1453 286 1543 ὀνομάσαι
308 1454 345 1520 'rt
370 1451 595 1544 qiddpevov⁷⁴y
619 1453 683 1522 ὑπὸ
705 1455 766 1520 τοῦ
780 1453 897 1543 χοροῦ·
924 1452 1010 1519 aliud
1033 1451 1207 1542 quidquam
1222 1473 1279 1517 va·

117 1562 200 1644 lent,
223 1558 319 1652 quam
341 1561 497 1628 Herodoti
524 1563 638 1629 verbaz
671 1559 890 1650 διθύραμβον
916 1554 1133 1645 ὀνομάσαντα
1160 1580 1194 1621 τι
1221 1559 1278 1622 καὶ

54 1669 59 1673 ’
118 1665 317 1752 ποιήσαντα,
341 1690 379 1734 ac
401 1670 428 1734 si
449 1669 630 1757 scripsisset
650 1669 767 1736 Suidas
789 1669 846 1734 καὶ
869 1664 1088 1754 διθύραμβον
1109 1661 1278 1749 ὀνομάσαι

118 1775 157 1840 τὸ
185 1771 350 1864 ᾀδόμενον
377 1771 441 1838 ὑπὸ
468 1775 527 1838 τοῦ
554 1774 667 1858 χοροῦ.
719 1775 869 1864 Denique
892 1774 1027 1861 Satyros
1049 1777 1279 1838 metrum'ser·

117 1890 231 1947 vantes
254 1881 293 1947 ab
315 1881 385 1969 ipso
407 1881 546 1968 primum
566 1879 715 1944 inductos
745 1903 832 1960 esse,
864 1900 923 1968 per
950 1902 987 1943 se
1014 1885 1118 1967 patet,
1148 1899 1223 1943 curn
1251 1879 1278 1943 si

117 2009 194 2052 vera
224 1995 273 2051 est
299 1984 504 2052 Schwenckii
530 1983 623 2049 nobis
650 1984 784 2073 probata
813 1982 1009 2072 etymologia
1043 1990 1155 2046 totum-
1173 1981 1278 2069 dithy-

116 2092 302 2157 ramborum
324 2113 426 2179 genus
450 2089 489 2153 ab
511 2090 588 2176 ipsis
612 2089 735 2177 Satyris
757 2092 826 2155 sive
849 2088 968 2176 Tityris
998 2108 1118 2166 nomen
1141 2109 1278 2175 aecepe-

116 2200 166 2262 rit.
211 2197 266 2262 Sic
297 2196 393 2260 etiam
419 2193 611 2260 Welckerus
632 2194 777 2262 Nachtr.
800 2218 830 2284 p.
852 2190 924 2258 233.
944 2193 1084 2273 2,‚Wos
1113 2191 1195 2258 aber
1217 2194 1279 2258 ase

117 2301 334 2389 Eiofiibrmrp
357 2323 419 2367 νοιι
440 2300 569 2386 δαίμονι
591 2299 740 2390 betrifft,
768 2324 805 2369 so
827 2302 872 2368 ist
895 2297 984 2379 islor,
1015 2301 1095 2364 dass
1117 2296 1279 2365 storticbt
1379 2377 1382 2381 .

118 2410 213 2474 einen
245 2409 332 2476 Clmr
360 2430 480 2473 caasser
509 2409 583 2472 dem
604 2407 822 2495 Ditbyromb,
859 2409 888 2473 d.
911 2407 932 2472 ι’.
953 2426 1074 2471 cursor
1095 2405 1169 2470 dem
1192 2401 1279 2470 (ibor
1318 2409 1328 2433 ⁸

118 2514 286 2579 bildcten.”
330 2512 414 2578 Male
437 2521 548 2578 contra
570 2514 746 2604 Pinzgerus
769 2514 809 2581 de
829 2513 927 2578 dram.
941 2523 1040 2600 satyr.
1052 2532 1083 2600 p.
1098 2512 1135 2574 ll
1159 2509 1276 2593 „modo

119 2618 349 2706 dithyrambici,
371 2618 467 2684 modo
491 2620 621 2707 satyrici
643 2619 776 2684 Chori.”
819 2619 891 2686 Nec
910 2615 1085 2683 Luetckius
1107 2640 1138 2705 p.
1156 2616 1196 2680 31
1220 2639 1278 2680 ve-

118 2748 191 2791 rum
213 2725 328 2813 tetigit,
359 2722 493 2790 chorum
513 2724 665 2789 immixtis
689 2726 771 2815 jocis
802 2732 834 2789 et
861 2722 1061 2790 sermonibus
1089 2723 1278 2810 participem

118 2832 239 2896 factum
262 2852 333 2894 esse
360 2831 547 2895 narrationis
575 2829 751 2918 suspicans,
794 2829 879 2896 Vide
908 2838 1017 2893 tamen
1048 2848 1131 2916 quae
1161 2849 1187 2892 c.
1210 2825 1277 2893 Vll.

120 2937 160 3002 de
178 2937 248 3025 ipsa
259 2933 422 3001 Welckeri
440 2937 598 3000 sententia
620 2933 784 3000 disseram.
829 2935 935 3022 Atque
958 2928 1086 3022 egregie
1107 2930 1199 2997 nobis
1222 2931 1278 2996 ad-

119 3040 288 3131 stipulatur
308 3039 482 3107 Aristocles
501 3064 550 3130 ap.
574 3038 688 3107 Athen.
711 3039 800 3121 XlV,
822 3062 852 3129 p.
876 3040 939 3106 639
962 3061 988 3106 c.
1022 3028 1220 3114 Σννεσνήκιι
1244 3036 1278 3098 δέ

119 3145 141 3226 η’
164 3145 322 3230 σατυρικὴ
345 3147 438 3212 πᾶσα
460 3143 498 3210 τὸ
521 3145 667 3215 παλαιὸν
688 3146 722 3210 ιἰι
741 3146 865 3234 χορῶν,
897 3140 942 3220 ὠς
968 3145 1024 3208 καὶ
1053 3142 1073 3222 ἡ
1101 3135 1174 3207 τότε
1196 3164 1279 3234 τρα-

119 3253 239 3343 γῳδία·
268 3262 300 3318 et
327 3251 515 3318 Aristoteles
539 3255 576 3318 A.
600 3254 637 3320 P.
660 3276 688 3320 o.
709 3251 753 3320 IV
776 3253 934 3342 quamvis,
950 3249 1148 3340 tragoediam
1177 3247 1215 3314 ab
1240 3249 1278 3312 iis

120 3362 299 3451 profectam
321 3359 405 3439 dicit,
427 3359 481 3446 qui
504 3358 739 3448 dithyrambum
760 3357 934 3424 solenniter
955 3358 1142 3447 inciperent,
1171 3363 1280 3420 tamen

119 3465 218 3557 paulo
240 3466 336 3546 infra,
358 3485 430 3529 sero
453 3466 655 3555 majestatem
676 3489 769 3531 suam
791 3475 962 3556 propterea
983 3472 1111 3529 nactam
1134 3484 1205 3528 esse
1230 3484 1281 3526 ar·-

119 3572 267 3652 bitratur,
298 3568 384 3660 quod
413 3592 456 3635 ex
476 3572 614 3658 satyrico
645 3594 764 3660 genere
786 3572 996 3638 mutationem
1015 3569 1162 3636 induerit.
1207 3567 1281 3650 Qua

120 3680 153 3743 in
180 3701 216 3743 re
244 3676 372 3742 tametsi
394 3698 412 3741 a
434 3674 557 3742 Jacobo
580 3678 621 3762 Q.
643 3677 677 3743 S.
700 3700 731 3767 p.
756 3679 817 3743 118
837 3676 975 3744 multum
1005 3674 1151 3741 differam
1176 3673 1209 3738 in
1240 3693 1279 3735 eo

161 3962 196 4030 Ἠ)
215 3962 369 4014 Weickerus
387 3962 439 4015 boc
457 3962 498 4014 ita
515 3960 660 4029 intellegit,
678 3977 710 4012 sc
727 3959 751 4013 si
768 3959 833 4012 Ario
850 3954 963 4024 singuiis
983 3951 1154 4022 dithyrambis
1173 3950 1280 4003 titulum

194 4047 375 4115 inscripserit,
402 4049 447 4102 eui
469 4049 592 4102 addictus
622 4045 772 4105 sententiae
797 4042 1017 4098 Schneidewinus
1042 4056 1151 4109 quoqne
1176 4037 1282 4092 videtur

192 4135 226 4184 de
249 4137 320 4187 Laso
343 4138 434 4189 Herm.
454 4138 532 4204 pli.
550 4138 593 4188 12.
628 4138 663 4188 st
680 4132 826 4187 Luetoirios
845 4148 870 4198 p.
882 4133 916 4184 31
936 4132 1008 4183 recte
1028 4143 1086 4179 eam
1111 4127 1226 4191 castigat
1249 4140 1280 4175 ao

197 4220 304 4272 rotellit.
