2798 4672
158 242 236 319 230

157 429 243 489 tator
270 418 395 499 aderet3
428 415 548 485 sedin
577 423 750 485 scrotum
778 436 817 487 ac
848 411 954 481 solum
982 409 1175 479 adstantium
1205 407 1321 479 oeulos

156 523 321 605 invitabat,
342 508 558 604 convertebat,
581 522 822 612 arripiebatque.
857 520 909 586 -At
930 541 1018 601 vero,
1040 524 1175 608 quaerat
1188 514 1322 608 aliquis,

159 630 235 722 quid
256 639 325 696 tum
347 627 472 695 selectis
493 629 562 693 istis
584 629 704 695 facturn
725 625 944 708 saltatoribus,
972 644 1053 716 quos
1076 621 1206 713 quidem
1227 644 1323 712 pmr·

159 760 214 807 sus
237 734 397 825 excidisse
420 756 438 798 e
460 733 585 800 choreis
607 756 672 799 non
694 732 791 799 modo
820 755 878 821 per
906 755 943 798 se
973 727 1138 820 probabile
1164 738 1323 812 nonest,

159 840 218 908 se'd
238 863 300 906 nec
322 839 488 928 ademptos
517 840 664 905 videmus
694 837 953 927 hyporchematis
986 834 1117 904 et-aliis
1144 831 1324 909 saltationi·

158 948 228 1013 hus.
271 945 388 1036 Neque
412 946 541 1010 omnino
576 968 637 1034 ego
670 944 730 1015 hos
761 946 793 1009 in
826 953 894 1012 artc
915 962 976 1007 sua
997 939 1089 1030 quasi
1118 940 1324 1029 principese

159 1052 267 1119 medio
289 1050 386 1133 toll03
416 1053 493 1142 quin
521 1052 618 1119 etiam
639 1045 1323 1121 honorificentissimum,locuruiisetiam-

159 1178 246 1225 nnnc
268 1156 654 1247 assigrro,2quorl.tamcn,
677 1153 894 1246 quo-intelligi
912 1152 1026 1225 melius
1039 1161 1161 1240 posset,
1181 1153 1325 1241 primum

160 1263 203 1335 de
223 1285 358 1329 munero
381 1261 607 1336 choreutarum
627 1264 673 1329 in·
687 1261 800 1352 cyclio.
814 1259 912 1328 choro
935 1259 1125 1335 usitatorum
1145 1258 1324 1327 videndum

160 1368 229 1435 erit.
272 1367 321 1439 Ac
350 1367 615 1457 dithyrambicum
645 1365 781 1441 chorum
814 1364 1107 1457 quinquaginta
1132 1364 1325 1459 coushtisse

161 1472 322 1541 choreutis
344 1496 410 1540 non
432 1497 504 1541 uno·
519 1473 610 1543 nohis
633 1483 779 1547 veterum
806 1472 987 1543 testimonio
1018 1468 1156 1567 relatum
1176 1471 1325 1545 estufin

160 1580 279 1647 monid.
300 1579 409 1669 Epigr.
430 1577 778 1663 LVlll,·.(Schncidew.
800 1581 837 1645 fr.
859 1578 944 1662 203).

299 1681 520 1773 'Xetrurpilou
542 1684 577 1747 δέ
599 1682 681 1749 τόθ’
710 1685 780 1762 υἱὸς
802 1680 1008 1771 Ἀριστείδης
1027 1676 1173 1769 ἐχορήγει

261 1777 263 1781 ⁴
311 1786 506 1869 πεντήκοντ’
537 1786 669 1877 ἀνδρῶν
689 1790 775 1857 καλαὶ
796 1786 949 1876 μαθόντι
967 1787 1065 1877 χορῷ.
1204 1852 1207 1859 .

161 1893 276 1990 Schol¹
299 1895 416 1964 Aesclu
438 1920 464 1963 c.
487 1896 629 1986 Ctesiph.
652 1921 682 1987 p.
706 1900 765 1963 721
790 1897 898 1966 Reisk.
937 1895 1072 1962 Tzctzcs
1101 1894 1254 1986 Prolcgg.
1282 1897 1325 1965 ail

160 1999 321 2091 Lycophr.
338 2025 370 2093 p.
392 2005 406 2073 l
426 2003 511 2071 Pott.
538 2003 579 2070 V.
602 2002 805 2070 Schneidew.
829 2004 870 2071 ad
891 2002 1046 2070 Simonid.
1059 2025 1090 2093 p.
1102 1992 1153 2068 57.
1185 2002 1327 2077 Mueller

161 2104 297 2174 Eumen.
313 2133 344 2199 p.
358 2109 408 2175 75.
450 2108 612 2198 Ampliari.
626 2107 712 2179 huno
733 2132 904 2177 numerum
919 2106 1092 2175 Lueretius
1109 2130 1140 2197 p.
1156 2109 1325 2183 (ill-anno-

161 2214 242 2281 tavit
259 2234 310 2280 'ex
331 2213 415 2281 Plut.
439 2215 480 2281 de
500 2215 582 2283 lllus.
605 2213 651 2297 X,
673 2238 704 2306 p.
726 2215 790 2281 663
808 2214 942 2299 H.¹¹⁰).
994 2216 1070 2281 Jam
1094 2234 1173 2281 vero
1207 2236 1325 2283 cume

163 2317 272 2406 cycliis
296 2319 399 2386 choris
421 2322 559 2410 tragicos
581 2324 788 2410 comicosque
811 2321 926 2389 choros
942 2320 1134 2410 profluxisse
1150 2319 1324 2387 verisimile
1346 2324 1349 2329 '

162 2424 217 2504 sit,
247 2427 364 2490 mirum
393 2448 488 2507 sane,
523 2426 610 2516 quod
636 2431 704 2518 jam
725 2425 898 2493 Muellerus
921 2424 941 2491 l.
966 2447 992 2492 c.
1016 2425 1196 2507 annotavit,
1225 2436 1326 2517 atque

161 2526 329 2594 Kolsterus
349 2529 369 2595 l.
384 2529 403 2595 l.
417 2553 447 2618 p.
465 2532 508 2594 20
530 2533 646 2620 attigit,
677 2534 797 2598 facturn
818 2533 851 2599 id
874 2542 932 2613 est,
956 2530 1042 2622 quod
1063 2553 1137 2597 cum
1158 2530 1199 2597 dc
1221 2529 1325 2601 choro

163 2634 287 2699 comico
323 2633 454 2700 dubium
486 2657 558 2731 non
580 2639 635 2718 sit,
669 2639 744 2728 quin
774 2662 791 2704 e
818 2637 932 2705 XXIV
960 2636 1106 2727 personis
1133 2637 1326 2727 constiterit,

161 2739 320 2827 tragicum
343 2749 459 2823 autem,
482 2765 579 2831 quem
600 2753 675 2833 post
693 2743 891 2832 Sophoclem
913 2744 1005 2834 quasi
1021 2742 1099 2835 lege
1108 2750 1240 2832 recepta
1255 2742 1325 2811 XV

162 2847 342 2912 constitisse
364 2845 524 2914 choreutis
546 2852 721 2916 memoriae
742 2850 894 2917 traditum
912 2851 962 2931 sit,
984 2858 1094 2915 tamen
1108 2848 1150 2915 ab
1161 2848 1251 2915 initio
1262 2846 1326 2917 ΧΠ

163 2951 445 3040 comprehendisse
471 2954 639 3022 saltatores
665 2978 732 3023 non
762 2964 883 3022 temere
909 2955 1060 3022 credatur
1076 2952 1268 3021 testantibus
1291 2964 1327 3023 et

162 3055 306 3133 Suidae:¹
329 3084 359 3126 v.
381 3054 570 3146 Σοφοκλῆςτ
597 3063 654 3126 καὶ
677 3060 805 3147 πρῶτος
833 3059 892 3127 τὸν
910 3060 1013 3153 χορὸν
1029 3060 1068 3153 ’,ἐκ
1089 3054 1325 3151 ττεντεκαῖὅεκα

162 3154 407 3248 εἰςὴγυγενὲαν
425 3162 510 3252 (NB)
528 3164 688 3255 πρότερον
710 3162 906 3233 δυοκαίδεκα
928 3161 1095 3243 τίςιὸυτων
1118 3166 1324 3256 etAnonym.

161 3268 226 3336 Vir.
249 3271 349 3360 Soph.
383 3267 485 3349 αὐτὸς
512 3272 547 3337 δὲ
568 3266 723 3350 καὶτοὺς
742 3273 900 3359 χορευτὰς
921 3269 1065 3353 ποιήσας
1091 3268 1171 3337 α’ντὶ
1192 3266 1325 3337 δώδεκα

162 3373 373 3445 δυοκαίδεκα.
410 3378 477 3460 (cfr.
500 3378 660 3445 Albertius
680 3381 720 3446 de
744 3378 851 3446 Ohoro
876 3379 1020 3471 Supplic.
1042 3403 1073 3470 p.
1085 3379 1115 3444 2.
1146 3377 1325 3447 Muellerum

160 3477 297 3546 Eumen.
319 3505 350 3574 p.
373 3485 423 3552 76.
444 3486 497 3570 77)
519 3521 562 3534 -·
582 3484 679 3551 nihilo
703 3486 808 3552 secius
835 3487 895 3576 ipsi
923 3484 1044 3575 cyclius
1067 3482 1184 3552 chorus
1206 3500 1323 3553 nume-

160 3607 271 3651 rorum
291 3590 533 3679 responsionem
556 3589 740 3674 conturbet,
772 3588 890 3681 quippe
913 3592 967 3682 qui
989 3616 1006 3657 e
1029 3588 1056 3657 L
1078 3590 1200 3681 potius,
1223 3610 1324 3681 quam

160 3688 295 3771 XLVlll
315 3696 403 3785 quod
424 3695 663 3786 exspectaveris
685 3694 846 3771 choreutis
870 3697 1076 3787 compositus,
1099 3695 1225 3761 duobus
1247 3718 1325 3786 per·

200 3882 247 3948 ¹¹⁶)
265 3884 362 3936 Athen.
372 3885 403 3950 V,
413 3900 440 3950 p.
451 3886 503 3937 199
512 3883 545 3937 A.
564 3882 593 3935 in
603 3898 702 3951 pompa
712 3885 845 3941 Bacchica
863 3890 1054 3940 commemorat
1071 3900 1178 3938 currum
1195 3883 1245 3953 qui
1263 3892 1326 3940 crat

230 3965 332 4041 πλήρης
355 3971 493 4039 ςαφυλῆς·
519 3965 639 4033 ἐπάτουν
661 3969 694 4023 ‹ll
719 3967 849 4036 ἑξήκοντα
868 3967 991 4041 Σάτυροι.
1006 3967 1075 4043 πρὸς
1099 3966 1194 4027 αὐλὸν,
1208 3964 1327 4040 ᾅδοντες

229 4044 313 4125 μέλος
330 4051 478 4125 ἐπιλήνιον.
497 4085 532 4097 -
548 4056 626 4111 Unde
643 4059 722 4110 Alex.
740 4060 841 4111 Surdus
857 4059 890 4109 de
901 4060 964 4112 Rer.
976 4058 1078 4112 invent.
1090 4059 1112 4124 Ι,
1125 4076 1153 4131 p.¹
1165 4060 1200 4111 lu
1211 4060 1252 4124 (ο,
1262 4061 1327 4125 xx)

197 4160 200 4165 ·
230 4144 378 4211 acceperit:
403 4146 536 4210 „Lyncus
561 4144 642 4198 choro
661 4145 816 4203 Lrirorurn
840 4138 989 4198 constituto
1008 4162 1024 4199 a
1043 4143 1120 4198 Tisia
1137 4144 1183 4197 vol
1199 4144 1329 4217 asteri-

233 4229 315 4284 choro
334 4232 468 4297 arttyranr
486 4231 604 4291 carmina
622 4231 775 4287 cecinieso''
799 4232 900 4286 nescio.
