2798 4672
1178 239 1227 312 52

135 415 336 528 Subjiciarn
347 442 433 490 nune
454 416 641 534 fragmento
655 444 696 490 eo
709 421 855 502 ordine,
860 442 949 514 qno
958 416 992 489 in
1015 422 1167 490 carmine
1178 424 1227 490 in·

64 529 158 657 te'gro
182 521 345 595 extitisse
354 522 509 618 suspicor.

201 790 527 933 ΣνμβοιλοῦμοιιΙ
548 868 582 910 τι
601 771 738 931 μέλιές’
722 847 800 951 υμῖν
820 838 868 924 εἰς
893 844 1012 934 έρατα.
1064 898 1067 905 .
1120 896 1123 901 s
1218 880 1221 887 ·

63 882 178 1018 Athen
193 882 274 1035 XV,
297 953 447 1043 poeto.
469 947 597 1018 dnrld’
621 948 796 1021 ἐνταῦθα
796 975 857 1019 τον
842 949 979 1042 λόγον
998 951 1109 1039 ἐσμέν,
1131 975 1225 1040 oopu-

63 1057 286 1147 patotpoett
299 1082 339 1125 τι
357 1060 476 1146 μέλος
494 1056 592 1145 ipio
610 1053 668 1136 εἰς
688 1055 830 1144 ἔρωτα,
858 1061 945 1125 κατὰ
964 1057 1025 1125 τὸν
1047 1055 1228 1148 Κυθήριον

64 1161 215 1246 ποιητήν.
252 1161 310 1234 'Ci
333 1164 453 1233 Athen·
467 1166 521 1249 Vl
543 1190 573 1256 p.
584 1167 645 1231 271
669 1165 699 1231 b.
728 1167 969 1256 σνμβοιλοῦμαι
995 1164 1029 1230 τί
1045 1168 1104 1231 καὶ
1124 1163 1226 1247 αὐτὸς

64 1273 164 1358 μέλος
184 1266 230 1350 οἷς
249 1270 356 1359 ἔρωτα
378 1273 424 1363 τῷ
437 1271 541 1364 σοφῷ
558 1275 615 1339 καὶ
628 1268 787 1362 φιλτάτῳ.
820 1273 938 1340 Provv.
952 1274 1097 1363 Append.
1110 1273 1164 1357 lV,
1183 1276 1224 1340 77

63 1392 96 1468 p.
113 1378 188 1444 453⁴
210 1380 258 1445 ed.
287 1379 506 1447 Schneidew.:
541 1375 825 1468 Σομβαλούμονος
853 1378 960 1469 [lege:
990 1380 1227 1466 συμβαλοῦμαι

63 1485 172 1573 μέλος]
195 1481 265 1550 κατ’
289 1483 438 1572 ἔλλειψιν
458 1489 516 1552 καὶ
537 1479 639 1566 αὕτη·
662 1486 751 1552 ἐνδεῖ
767 1485 831 1575 γὰρ
850 1480 897 1562 τίς
913 1483 1029 1573 έρωτοι.
1060 1489 1228 1573 μέμνηται

62 1587 187 1672 ταύτης
205 1588 438 1683 Ἀλέξανδρος.
481 1591 707 1661 Bernhardius:
728 1587 986 1680 Λλιξανδρέδης.
1032 1595 1122 1660 Adde
1144 1594 1226 1662 Dio·

62 1722 133 1788 nys.
156 1699 256 1767 Halic.
281 1700 434 1790 Compos.
456 1699 539 1768 Vbb.
560 1723 590 1790 p.
603 1701 634 1766 5.
664 1698 771 1766 Reislr.
793 1693 839 1777 εἰς
860 1699 902 1780 δὴ
924 1699 1024 1766 τοῦτο
1045 1699 1085 1765 τὸ
1105 1702 1226 1790 μέρος

63 1799 87 1870 δ’
106 1805 161 1871 δεῖ
175 1806 306 1894 apciton
319 1808 404 1884 νέοις
422 1806 606 1874 ἀσκεῖσθαι
628 1802 918 1891 συμβάλλομαί
939 1829 1006 1872 σοι
1026 1809 1145 1894 μέρος
1168 1801 1226 1886 εἰς

61 1910 134 1977 τὸν
160 1912 304 2001 ἔρωτα,
334 1911 372 1978 τὸ
400 1915 474 1998 ιτιρὶ
503 1912 693 1988 συνθέσεως
721 1907 914 1998 ὀνομάτων,
949 1915 1003 2001 qui
1031 1912 1121 1979 locus
1143 1917 1225 1982 miro

61 2018 280 2085 modoelusit
302 2020 494 2085 criticorum
506 2018 770 2085 exercitatissimo
789 2019 928 2106 ingenia,
951 2017 1099 2106 equibus
1112 2019 1226 2108 -Upton
1295 2054 1318 2113 ‚⁸

62 2125 204 2190 alterum
225 2119 325 2210 μέρος
346 2122 479 2204 delevit,
509 2131 622 2212 utpote
643 2122 758 2188 vitiose
781 2145 823 2188 ex
844 2121 1110 2211 praecedentibus
1132 2147 1226 2215 repe·

60 2231 188 2314 titum3,
207 2229 293 2318 quod
323 2250 397 2295 cum
430 2226 632 2295 retinendum
659 2225 755 2293 nihilo
785 2229 891 2294 secius
913 2251 955 2295 ex
977 2228 1126 2296 codicum
1147 2254 1225 2298 con·

59 2357 162 2402 sensu
184 2335 330 2400 viderent
350 2335 559 2425 posteriores,
593 2356 635 2399 ex
661 2334 699 2399 iis
721 2331 850 2401 Reiskio
882 2342 957 2424 post
982 2330 1082 2423 μέρος
1111 2336 1225 2405 deesse

60 2437 244 2528 οὐμικρόν
263 2436 439 2520 videbatur,
461 2438 608 2506 Schottio
632 2439 815 2507 Comment
836 2440 956 2508 Societ.
978 2441 1225 2534 Philol.Lips.-l

60 2571 94 2638 p.
113 2548 156 2613 3o
180 2546 276 2613 scribi
309 2546 444 2635 placuit:
480 2539 526 2623 εἰς
554 2544 597 2626 δὴ
626 2546 725 2614 τοῦτο
752 2547 792 2613 τὸ
822 2543 937 2635 μέρος,
967 2542 989 2613 δ’
1016 2547 1070 2616 δεῖ
1092 2549 1226 2637 πρῶτον

60 2651 148 2731 νέοις
177 2651 375 2730 ἀσκεῖσθαι,
390 2676 393 2681 ·
408 2649 469 2716 τὸν
504 2649 611 2739 ἔρωτα
640 2647 879 2738 συμβάλλομαί
896 2659 963 2721 σὀι
983 2654 1027 2721 τό.
1048 2659 1129 2742 περὶ.
1145 2677 1225 2722 σνν-

61 2753 192 2839 θέοιως
213 2758 279 2825 τῶν
300 2753 484 2844 ὀνομάτων.
535 2759 685 2850 Denique
707 2748 901 2827 Schdelerus
923 2761 1006 2828 hanc
1027 2763 1225 2852 periclitatus

61 2872 281 2960 conjecturam
303 2877 366 2934 est:
396 2864 634 2952 συμβάλλομαί
654 2888 711 2931 σοι
728 2861 830 2954 μέρος
850 2860 899 2945 εἰς
919 2865 981 2946 τὴν
1001 2864 1135 2953 ἑορτήν,
1152 2867 1225 2948 ,τὴν

61 2977 138 3062 περὶ
159 2969 351 3052 σονθέσεως
374 2974 439 3039 τοῖν
460 2969 636 3059 ὀνομάτων
646 2969 893 3061 πραγματείαν.4
929 2973 1015 3058 Quid
1027 2995 1116 3054 vero,
1138 2973 1225 3065 quod
1262 3016 1265 3025 ·

56 3086 157 3149 'unius
188 3081 336 3149 literulae
368 3081 549 3158 emendatio
582 3088 686 3148 totum
717 3078 826 3144 locum
858 3080 903 3145 ita
932 3087 1065 3168 prorsus
1086 3077 1225 3158 salvum

58 3177 227 3279 praestare
255 3190 440 3279 possit‚1[ut
466 3210 505 3255 eo
526 3184 605 3252 nihil
626 3195 658 3253 et
678 3183 854 3274 simplicius
868 3194 910 3269 et
923 3183 1099 3250 ¹dilucidius
1121 3181 1226 3275 possit

62 3294 225 3361 existere?
246 3337 249 3343 -
269 3291 465 3383 Legendurn.
482 3294 568 3358 enirn
590 3301 655 3357 est:
677 3283 724 3365 εἰς
746 3287 789 3368 δὴ
810 3288 910 3354 τοῦτο
930 3287 969 3355 τὸ
990 3286 1100 3377 μέρος,
1132 3286 1155 3358 δ’
1174 3292 1229 3359 δεῖ

59 3399 193 3486 πρῶτον
213 3396 299 3478 νέοις
327 3395 509 3466 ἀσκεῖσθαι
540 3392 785 3484 συμβάλλομαί.
804 3395 869 3480 (vel
890 3398 1140 3486 συμβαλοῦμαί)
1169 3423 1225 3466 σοι

60 3507 232 3573 ΜΕΛΟΣ
250 3504 296 3585 εἷς
319 3505 386 3572 τὸν
398 3503 502 3594 ἔρωτα
522 3504 591 3570 κτλ.
615 3525 710 3594 quam
728 3506 949 3594 conjecturam
962 3508 1060 3573 miror
1075 3508 1224 3598 equidem

59 3621 128 3679 tam
151 3614 205 3680 diu
219 3609 378 3704 'effugisse
400 3614 487 3679 viros
510 3611 652 3692 criticos,
681 3631 756 3677 cum
777 3612 985 3700 proverbialis
1006 3615 1067 3680 ista
1088 3613 1223 3680 locutio:

58 3720 300 3810 συμβαλοῦμαί
322 3743 357 3785 τι
375 3715 474 3807 μέλος
496 3714 575 3803 ὑμῖν
595 3708 642 3794 εἰς
670 3713 775 3803 ἔρωτα
804 3740 847 3783 ex
868 3716 1026 3785 Athenaei
1045 3718 1077 3783 ll.
1099 3717 1130 3782 ll.
1153 3740 1223 3782 om·

57 3828 150 3894 nium
173 3828 309 3896 debebat
335 3851 407 3894 esse
429 3826 603 3892 notissima.
653 3823 805 3891 Similiter
826 3847 893 3892 vox
923 3826 1020 3910 μέλος
1047 3844 1106 3909 pro
1129 3821 1221 3888 codd.

58 3933 160 4020 μέρος
181 3934 377 4001 restituenda
399 3943 449 3999 est
469 3931 600 4000 Aristidi
622 3931 819 4016 Quintiliano
842 3955 872 4020 p.
896 3933 934 3994 71
961 3930 1009 3996 ed.
1033 3926 1126 3992 Meib.
1148 3923 1240 4015 ἐκάη

59 4061 128 4129 στω
167 4040 203 4105 δὲ
240 4035 491 4128 παριμγοήματι
522 4040 644 4126 μέρος
660 4037 767 4128 (lege
799 4036 939 4122 μέλος)
981 4033 1068 4100 ἴδιον
1099 4029 1223 4127 ἀφορί-

99 4271 136 4339 ²⁸)
155 4273 267 4326 Numeri
284 4273 384 4340 adjecti
401 4279 465 4328 sunt
482 4270 649 4328 collectionis
665 4268 842 4336 Borgkianae.
