2798 4672
1255 249 1277 319 7
1370 327 1372 331 .

124 424 164 490 ad
186 422 322 492 alteram
352 424 421 492 eius
448 444 567 491 nomen
596 423 712 494 servile
735 421 884 515 Μύρμηξ
908 450 975 500 nou
1002 428 1162 497 inurbane
1182 428 1278 500 alludi

123 530 220 598 credo
243 531 283 598 ab
304 527 463 621 Aristoph.
486 530 519 596 in
541 528 623 598 Rau.
639 533 723 599 1502
744 533 854 618 (1554)

322 675 365 688 -
384 673 427 684 -
447 675 490 684 —
509 638 568 702 καὶ
588 637 771 705 παίδευσον

322 743 399 822 τούς
417 739 581 824 ἀνοήτους
602 745 733 829 (πολλοὶ
754 740 784 808 δ’
807 737 886 828 εἰσί)

321 851 377 916 καὶ
400 849 458 928 δὸς
479 853 573 917 τουτὶ
595 849 791 938 Κλεοφῶντι
813 851 923 940 ιμ’ρων

321 958 377 1022 καὶ
399 953 529 1034 τούτοις
550 959 639 1024 τοῖσι
656 944 833 1044 4τιοριοταῖς
936 998 937 1005 1

323 1059 523 1151 Μύρμηκί
543 1063 581 1130 θ’
605 1059 692 1150 ὁμοῦ
712 1065 769 1130 καὶ
791 1059 970 1153 Νικομάχῳ

322 1166 397 1236 τόδε
418 1167 449 1235 ‹l'
469 1166 674 1260 Ἀρχενόμῳ.

321 1280 378 1344 καὶ
399 1273 500 1367 ῳρᾶζ’
523 1274 782 1363 αὐτοῖςχταχέιος
802 1268 892 1358 ἥκειν

319 1381 364 1462 ὠς
384 1385 440 1470 ἐμὲ
463 1385 554 1471 δευρὶ
574 1387 632 1450 καὶ
654 1382 701 1471 μὴ
723 1384 863 1471 uiliter.

121 1491 175 1558 ubi
196 1491 304 1559 Schol.
316 1488 467 1579 ὀνόματα
488 1487 592 1579 κύρια.
615 1490 670 1556 ἐπὶ
692 1491 728 1556 dl
749 1486 894 1578 ιιονηρίρι
915 1478 1008 1567 οὗτοι
1029 1492 1272 1582 ι’κωμιρδοῦντο·

120 1592 162 1663 οὐ
184 1593 319 1663 πάντων
340 1597 376 1663 δὲ
397 1595 416 1664 ὁ
439 1595 587 1686 Μύρμηξ
605 1597 671 1663 τοῖν
691 1597 858 1685 ποριστιῦν
878 1597 986 1680 ἐστιν,
1009 1597 1096 1665 ἀλλὰ
1116 1598 1158 1680 δη
1179 1599 1274 1666 οἴον-

121 1726 177 1770 ται
203 1699 271 1770 ἀπὸ
299 1701 402 1786 ἄλλης
427 1701 538 1792 ἀρχῆς.
587 1701 665 1772 οὐδὲ
691 1703 755 1794 γὰρ
783 1700 803 1770 ὁ
830 1700 1040 1792 Νικόμαχος,
1060 1703 1131 1772 a'tt’
1154 1703 1272 1788 ἤτοιὸ

120 1810 274 1901 τραγικὸς
305 1808 498 1898 ὑποκριτής,
524 1807 547 1893 ἢ
574 1811 594 1878 ὁ
626 1811 777 1892 πολίτης»
810 1813 886 1898 περὶ
916 1801 965 1877 οἷν
990 1811 1193 1904 προείρηται.
1239 1814 1273 1879 τί

119 1916 149 1982 d‘
171 1913 216 1983 ἂν
236 1920 288 1998 εἴη
310 1915 438 2002 dedorim
460 1915 546 2004 τάχα
569 1914 810 2006 βρόχονςιιρός
830 1913 976 2007 ἀγχόνην
983 1967 992 1998 ,
1013 1917 1038 1998 ἤ
1056 1943 1091 1984 τι
1110 1919 1272 1986 τοιοῦτον.

119 2025 277 2116 equibus
298 2024 407 2093 Schol
430 2024 696 2113 explicationibus
723 2023 802 2118 nibil
826 2045 959 2113 marsuas
980 2047 1043 2093 nec
1063 2025 1144 2093 lucis
1165 2049 1272 2117 neque

119 2130 203 2197 lucri
223 2129 392 2195 suboritur.
441 2132 551 2218 neque
572 2127 821 2218 improbabiliter
841 2129 917 2196 inde
938 2129 1164 2198 Turnuscnrus
1185 2135 1272 2222 apud

118 2237 211 2324 ipsos
231 2242 358 2301 veteres
387 2234 428 2301 de
449 2233 619 2320 Myrmecis
640 2255 779 2324 persona
800 2256 865 2300 non
887 2235 1067 2305 constitisse
1087 2241 1273 2322 sententias,

119 2341 306 2422 arbitratur3
333 2339 390 2408 sed
413 2338 500 2430 quod
525 2340 596 2428 ipse
616 2339 800 2408 coniectura
820 2341 849 2423 r)
875 2351 1010 2412 conatus
1031 2352 1082 2410 est
1102 2342 1177 2412 huic
1196 2344 1271 2414 loco

117 2468 322 2529 succurrere,
349 2444 438 2514 nullo
466 2444 564 2512 modo
590 2445 803 2536 probaverim.
856 2445 943 2533 Nam
977 2470 1087 2541 neque.
1118 2451 1189 2542 quis
1216 2451 1271 2521 ille

117 2555 211 2621 luerit
223 2551 455 2634 Archeuomus,
471 2553 629 2618 novimus.
672 2550 741 2621 Sed
755 2551 990 2622 Nicomachum
1001 2557 1159 2646 tragicum
1170 2558 1270 2626 fuisse

118 2658 262 2751 Euripidi
283 2657 492 2748 coaequalem
512 2665 654 2740 constat,
676 2656 873 2746 Myrmecem
895 2660 1033 2731 audiisse
1052 2661 1269 2732 Philoxenum

120 2775 152 2833 et
176 2767 284 2856 ipsum
317 2758 682 2856 τραγῳδοδιδασκάλοις
714 2765 908 2856 adscriptum
936 2767 1057 2836 Suidae
1084 2771 1267 2837 testimonio

120 2872 316 2940 credendum
337 2881 401 2955 est3
423 2871 502 2964 quid
519 2869 671 2953 multum,
691 2870 814 2938 irrideri
834 2882 1007 2964 utrumque
1027 2897 1093 2941 una
1113 2899 1189 2944 cum
1206 2877 1267 2942 Ar·

119 2979 278 3048 chenomo
300 2979 437 3047 lortame
457 2977 602 3046 eiusdem
623 2978 701 3045 artis
720 2979 922 3068 professore,
944 2981 1067 3069 opinor,
1087 3003 1153 3046 non
1174 2981 1268 3047 abso-

119 3110 197 3154 num
219 3087 279 3152 erit
305 3086 468 3178 suspicari.
493 3121 536 3132 -
569 3082 735 3173 Phrynnin
764 3085 860 3155 etiam
885 3085 918 3152 in
945 3086 1112 3153 iuventute
1137 3109 1268 3155 servum

120 3194 235 3274 luisse,
257 3192 342 3258 lama
360 3191 533 3273 increbuit,
555 3192 644 3281 atqui
664 3190 773 3260 Schol.
793 3191 834 3260 ad
846 3192 943 3260 Arist
960 3191 1046 3261 Nub.
1062 3195 1123 3261 971
1145 3191 1214 3263 hoc
1230 3219 1267 3264 se

120 3320 187 3364 non
208 3298 340 3366 eredere
357 3297 456 3366 libere
477 3294 658 3386 profitetur,
688 3299 840 3387 quoniam
866 3300 895 3364 si
915 3299 1084 3370 scivissent
1109 3310 1165 3368 aut
1192 3302 1268 3370 sub·
1315 3307 1323 3314 ”

121 3405 245 3495 odorati
256 3415 365 3472 essent
376 3414 500 3472 tantum
510 3401 574 3470 talc
585 3402 660 3492 quid
671 3403 786 3471 comici
801 3414 916 3494 poetae
924 3407 996 3474 eius
1012 3408 1136 3490 aetatis,
1149 3410 1188 3476 ab
1202 3431 1267 3477 uno

121 3510 264 3579 alterove
288 3533 400 3579 eorum
425 3509 520 3578 huius
546 3511 596 3578 rei
619 3509 955 3580 neminemnam
978 3537 1055 3581 esse
1073 3515 1270 3584 dubitatione

119 3627 237 3686 careat
281 3617 400 3703 Quidni
419 3618 516 3710 igitur
536 3615 705 3684 credamus
717 3614 994 3689 Philoxenumob
1016 3620 1152 3689 eandem
1173 3645 1273 3690 eaus-x

119 3747 189 3792 sam
210 3722 347 3791 ludibrio
369 3725 470 3796 fuisses
488 3721 721 3814 Aristophani,
734 3723 789 3813 qui
814 3732 981 3816 tantopere
1001 3737 1133 3817 propter
1153 3725 1273 3794 ficticia,

120 3830 258 3896 lortasse
279 3831 406 3919 generis
434 3829 593 3898 dedecora
620 3830 796 3919 exagitavit
814 3831 1027 3922 Euripidem?
1069 3833 1184 3923 Neque
1205 3831 1269 3902 hoe

122 3938 149 4004 si
169 3936 339 4004 statuimus
366 3937 518 4027 temporis
548 3938 628 4007 ratio
657 3936 863 4020 obversatum
897 3936 1007 4006 Ranas
1042 3938 1128 4006 enim
1160 3937 1270 4008 docuit

156 4195 176 4264 l)
194 4195 351 4263 Legendum
369 4199 474 4248 censet:
495 4191 601 4265 μύκητι.
638 4198 798 4264 comparato:
808 4197 854 4250 Ar.
868 4195 939 4249 Plul.
955 4193 1023 4249 1103
1042 4196 1120 4249 etde
1138 4212 1164 4250 v.
1183 4192 1271 4270 μύκης

192 4284 315 4338 Bosora
335 4282 367 4335 C.
386 4283 407 4336 l.
425 4282 434 4334 Ι
454 4300 480 4352 p.
491 4282 564 4351 134).
