2798 4672
1149 274 1220 347 174

64 465 149 530 ciam
176 461 421 549 irnmigraverit3
450 455 618 548 delphinos
646 456 802 544 denique,
829 477 904 521 cum
935 457 977 523 ad
997 454 1163 524 Bacchum
1193 467 1225 523 ct

65 570 205 636 musicas
227 590 279 633 res
301 565 541 653 certaminaque
562 561 695 642 musica,
716 582 782 627 non
797 560 839 627 ad
859 561 1056 651 Neptunum,
1076 586 1224 629 cursum-

67 698 131 764 que
153 673 236 738 vatis
260 681 406 762 spectare
428 670 637 749 maritimum,
667 667 977 735 demonstrari-satis
1005 679 1112 757 queat,
1132 667 1225 758 hym·
1248 731 1251 743 ,

65 804 146 849 num
166 779 279 845 Arioni
299 777 360 866 ipsi
381 774 632 867 abjudicandum
651 797 724 840 esse
744 774 815 840 ven
834 773 936 839 videri
957 773 1160 842 simillimum.

151 889 239 950 Haec
258 883 355 971 igitur
375 883 478 972 prima
501 890 550 947 est
571 903 679 965 causa,
701 904 720 947 e
742 902 807 969 qua
827 879 1018 969 dithyrambi
1033 881 1227 948 incunabula

67 992 109 1060 ad
129 990 226 1059 Italos
240 997 304 1054 aut
325 988 477 1078 Magnam
500 987 672 1053 Graeciam
697 986 863 1053 transfero.
1237 1060 1239 1067 y

152 1099 186 1181 2)
208 1094 351 1174 Accedit,
370 1093 457 1183 quod
479 1092 669 1184 dithyrambi
688 1091 855 1180 Dionysus
877 1091 964 1158 idem
984 1094 1112 1160 videtur
1131 1103 1229 1184 atque

70 1203 238 1290 Dionysus
258 1202 292 1266 in
320 1199 409 1266 ltalia
437 1199 550 1268 cultus.
593 1198 645 1264 Ad
669 1221 767 1288 quam
790 1198 1072 1266 demonstrandam
1098 1212 1228 1267 senten-

70 1311 148 1375 tiam
167 1308 389 1375 necessarium
411 1316 471 1387 est,
492 1315 529 1372 ut
548 1308 674 1395 integer
696 1303 884 1371 exhibeatur
903 1303 996 1372 locus
1018 1305 1102 1373 Plut.
1133 1307 1227 1375 Turn.

70 1414 127 1496 Xt,
147 1438 177 1505 p.
200 1415 264 1479 228
285 1437 332 1503 sq.
355 1411 489 1480 Hutten.
522 1408 581 1477 ἐάν
601 1398 664 1476 οὖν
691 1408 820 1496 εἴρηταί
848 1433 916 1488 τις,
947 1409 980 1475 τί
1012 1412 1120 1491 ταῦτα
1148 1413 1229 1500 πρὸς

71 1519 131 1585 τὸν
149 1516 366 1598 Ἀπόλλωνα,
397 1516 471 1604 ούχὶ
499 1514 606 1603 μόνον
625 1513 789 1583 ἀλλὰκαὶ
809 1517 893 1604 πρὸς
915 1516 974 1583 τὸν
994 1517 1172 1599 Διόνυσον,
1203 1507 1230 1608 ᾧ

72 1626 138 1691 τῶν
151 1627 288 1715 Δελφῶν
304 1622 402 1691 οὐδὲν
421 1615 522 1707 ἦττον
543 1621 564 1705 ἢ
586 1626 631 1715 τῷ
649 1621 842 1692 Ἀπόλλωνι
860 1627 1021 1712 μέτεστιν.
1067 1624 1231 1710 ἀκούομεν

72 1720 133 1798 οὖν
159 1735 225 1798 τών
250 1731 424 1822 θεολόγων
450 1733 492 1796 τά
520 1737 581 1817 μὲν
608 1735 645 1796 ἐν
670 1729 839 1817 ποιήμασι
865 1732 908 1797 τά
936 1731 969 1797 δ’
1002 1729 1083 1798 ἄνευ
1108 1735 1231 1820 με’τρου

70 1835 234 1924 λεγόντων
264 1843 324 1906 καὶ
355 1837 549 1924 ὑμνούντων
580 1835 624 1914 ώς
655 1834 837 1926 ἄφθαρτος
864 1835 882 1902 ὁ
915 1837 1000 1915 θεὸς
1030 1842 1088 1902 καὶ
1109 1838 1231 1917 ’ἀΐδιος

72 1945 239 2032 πεφυκώς,
268 1944 334 2011 ὑπὸ
362 1939 404 2024 δη
431 1965 521 2020 τινος
541 1944 740 2029 εἱμαρμένης
763 1943 895 2029 γνώμης
920 1946 977 2008 καὶ
1004 1941 1105 2030 λόγου
1129 1968 1231 2028 μετα·
1311 2011 1313 2015 ,

71 2054 190 2140 βολαῖς
210 2051 331 2116 ἑαυτοῦ
348 2047 515 2137 χρώμενος
536 2048 651 2115 ἀλλοτε
673 2055 733 2132 μὲν
754 2045 800 2124 εἰς
821 2050 886 2136 πύρ
915 2047 1025 2133 ἀνῆψε
1048 2051 1110 2128 την
1131 2050 1233 2137 φύσιν

70 2155 206 2234 πάντως
225 2155 347 2242 ὁμοίως
370 2158 488 2235 πᾶσιν,
515 2153 632 2220 ἀλλοτε
659 2157 695 2221 δὲ
722 2154 938 2233 παντοδαπὸς
963 2154 999 2222 ἕν
1025 2161 1233 2244 τε-μορῳαῖς

70 2268 131 2331 καὶ
150 2265 187 2328 ἐν
208 2259 337 2328 πάθεσι
356 2266 413 2330 καὶ
436 2257 600 2349 δυνάμεσι
620 2259 781 2349 διάφορος
807 2262 998 2352 γιγνόμενος
1020 2260 1066 2341 ώς
1086 2262 1234 2353 γίγνεται

72 2371 135 2435 νύν
161 2365 284 2455 κόσμος
312 2366 508 2455 ὀνομάζεται
540 2370 575 2434 δὲ
609 2370 675 2434 τών
710 2366 886 2455 ὀνομάτων
910 2372 955 2460 τῳ
982 2368 1233 2461 γνωριμωτάτῳ,

73 2474 292 2562 κρυπτόμενοι
314 2477 350 2542 δι’
378 2477 456 2554 τούς
485 2475 627 2555 πολλούς
656 2477 689 2542 οἱ
715 2473 898 2566 σοφώτεροι
925 2477 986 2559 την
1012 2475 1140 2565 μενεῖς
1169 2480 1235 2565 πῦρ

73 2582 265 2668 μεταβολὴν
290 2580 491 2651 Ἀπόλλωνα
514 2607 547 2648 τε
569 2584 609 2674 τῇ
631 2579 790 2670 μονώσει,
816 2580 946 2667 Φοῖβόν
967 2606 1001 2650 τε
1023 2587 1071 2676 τῷ
1091 2585 1237 2677 καθαρῷ

74 2693 131 2756 καὶ
153 2686 304 2778 ἀμιάντῳ
324 2691 474 2756 καλοῦσι.
521 2691 588 2769 Τῆς
613 2688 649 2755 δ’
677 2685 723 2767 είς
750 2689 947 2778 πνρεύματα
973 2695 1030 2757 καὶ
1061 2686 1151 2782 ὕδωρ
1179 2697 1236 2758 καί

74 2797 214 2880 γῆνκαὶ
237 2780 346 2879 άστρα
367 2798 424 2860 καί
446 2795 561 2882 φυτών
582 2792 672 2874 ζώων
693 2820 727 2860 τε
748 2798 888 2880 γὲνεσεις
908 2800 1033 2885 τροπῆς
1053 2799 1159 2866 αύτού
1179 2802 1237 2864 καὶ

76 2902 297 2989 διαμελισμὸν
319 2900 542 2967 αἰνίττονται·
584 2896 748 2968 Διόνυσον
773 2904 888 2968 δὲκαὶ
911 2908 1043 2993 Ζαγρέα
1064 2909 1121 2969 καὶ
1143 2898 1238 2970 Νυκ-

75 3010 185 3073 τέλιον
205 3013 263 3073 καὶ
284 3005 461 3088 ι’σοδαίτην
481 3005 587 3072 αὐτὸν
606 3002 807 3093 ὀνομάζουσι
826 3013 885 3074 καὶ
905 3007 1046 3096 ῳθοράς
1068 3031 1160 3086 τινας
1181 3015 1238 3075 καὶ

77 3111 292 3201 ἀφανισμοὺς
312 3119 369 3181 καί
391 3118 451 3193 τὰς
470 3111 671 3198 ἀποβιώσεις
686 3119 743 3180 καὶ
758 3114 1018 3204 παλιγγενεσίας,
1040 3110 1144 3182 οἰκεῖα
1166 3121 1239 3195 ταῖς

77 3216 265 3306 εἰρημέναις
286 3222 488 3306 μεταβολαῖς
510 3220 693 3306 αἰνίγματα
714 3227 771 3287 καὶ
792 3220 1014 3308 μυθεύματα,
1044 3221 1238 3313 περαίνουσι

77 3331 144 3392 καί
168 3325 313 3416 ᾅδουσι
333 3328 383 3416 τῷ
404 3333 476 3413 μὲν
498 3327 788 3415 διθυραμβικὰ
817 3331 917 3415 μέλη
938 3330 1089 3396 παθών
1109 3327 1239 3416 μεστά

77 3436 146 3498 καί
167 3434 397 3524 μεταβολῆς
419 3434 576 3513 πλάνην
597 3433 772 3499 τινὰκαὶ
787 3433 1238 3527 ὃιαῳόρησινίχούσης·

280 3536 481 3625 μιξοβόαν
501 3539 575 3630 γὰρ,
594 3539 762 3628 Αίσχυλύς
778 3566 873 3630 φησι,
895 3542 1039 3631 πρέπει
1186 3538 1189 3543 ’

283 3644 555 3732 διθύραμβον
582 3644 782 3734 ὁμαρτεῖν

282 3749 502 3833 σύγκοινον
524 3749 779 3844 Διονύσῳθθ).

81 3924 282 3937 m

118 4034 155 4100 θ’)
171 4036 294 4089 Weloker
315 4038 410 4091 Annat.
438 4036 499 4090 ‹tolt'
524 4037 585 4092 inst.
610 4040 745 4094 arcliaeol.
770 4044 875 4095 Volunt.
895 4054 915 4101 r,
941 4038 1021 4092 1829.
1040 4056 1067 4106 p.
1085 4036 1137 4091 403
1162 4037 1241 4104 tegit:

152 4118 302 4192 σύγκωμον
322 4121 450 4190 Διονύσῳ
473 4131 594 4178 vertens:
619 4128 797 4193 „Bacchicae
820 4124 1015 4179 comissationis
1037 4122 1171 4177 sociun1.”
1207 4131 1243 4178 At

153 4208 204 4262 troc
222 4210 361 4278 epitheton
388 4224 499 4277 νετοοτ,
524 4229 558 4264 ne
582 4230 635 4266 non
661 4214 803 4268 conveniat
828 4212 1008 4278 distamusto,
1037 4217 1067 4263 ut
1090 4213 1162 4280 quod
1182 4228 1241 4263 oum

155 4296 238 4347 Como
254 4304 282 4349 et
294 4295 405 4349 Bacchis
423 4297 504 4349 ebriis
522 4298 617 4352 melius
635 4299 764 4365 conjungi
782 4302 877 4354 soleat.
907 4284 1040 4368 ΑτῖιίορΙι.
1053 4298 1168 4357 nciam.
1180 4300 1243 4352 263.
