2798 4672
1184 229 1260 306 163

98 408 166 478 basi
193 415 532 473 statuae-:exaeratam
564 429 600 472 se
630 426 697 470 non
728 424 856 487 curare,
889 409 1007 497 quippe
1035 430 1130 496 quae.
1150 421 1269 500 aperte.

97 513 225 580 falsario
251 512 380 579 cuidam
408 509 565 579 monacho
593 510 756 577 debeatur.
765 515 782 542 '’
831 510 896 583 Ch.
909 511 1013 579 Tem.
1029 513 1052 595 l,
1068 537 1098 603 p.
1111 515 1174 581 256
1189 538 1260 608 sqq.

98 625 136 703 (c.
152 616 294 701 XXVI).
390 617 500 707 ltaque
529 617 692 683 veteribus
720 615 853 682 testibus
884 617 911 681 si
935 618 1099 686 eredimus
1127 622 1259 689 simula·

97 737 189 792 crum
214 723 398 815 hujusmodi
426 723 602 802 exstitisse,
630 723 728 787 etiam
759 721 896 796 alterum
923 722 1002 789 illud
1028 725 1121 793 facile
1142 726 1260 817 largie-

95 842 177 912 mur,
196 832 288 948 ipsus
308 827 372 894 hoe
394 827 602 895 anathemat
601 829 686 894 uisse
708 829 851 907 Arionis,
877 827 974 894 modo
997 839 1163 899 teneamus
1185 832 1262 917 hoo,

97 937 185 1026 quod
203 937 310 1003 neseio
334 935 420 1001 unde
451 943 621 1023 acceptum
649 933 813 1005 tradiderit
834 933 966 999 Servius
989 933 1049 1000 ll.
1079 936 1269 1017 „Arionem

96 1043 137 1108 ad
164 1042 354 1108 memoriam
384 1063 518 1107 casuum
545 1062 694 1119 suorum,
722 1039 763 1103 in
787 1020 934 1127 templo
957 1039 1159 1127 Apollinis
1188 1041 1257 1121 del-

95 1146 228 1236 phini
203 1170 333 1236 signum
355 1146 533 1236 posuisse3
535 1151 667 1234 'quam
695 1144 828 1210 adrem
855 1145 937 1210 infra
958 1145 1035 1211 mihi
1056 1147 1258 1215 redeundum

96 1254 163 1318 erit.
206 1251 324 1342 Neque
347 1254 501 1331 omittam,
524 1273 605 1339 quae
627 1249 801 1339 plurimum
822 1249 864 1316 ad
885 1250 1257 1341 solvendam-quaestio·

94 1381 170 1425 nem
192 1367 336 1424 nostram
355 1358 463 1422 facere
485 1356 620 1437 videtur,
641 1356 881 1444 inscriptionem
903 1359 1064 1447 quandam
1080 1359 1121 1427 de
1135 1360 1256 1427 Arione

95 1465 281 1553 genuinam,
309 1487 329 1530 a
349 1461 515 1529 Boeekhio
538 1463 657 1528 editam
677 1463 760 1528 inter
782 1460 909 1528 Therae
930 1463 1055 1531 insulae
1074 1466 1266 1554 inscriptio&

94 1593 152 1634 nes
187 1570 246 1635 sub
272 1593 303 1636 n.
326 1570 357 1635 5.
389 1570 423 1635 in
450 1568 632 1635 Comment.
661 1568 760 1635 Acad.
789 1569 901 1635 scient.
934 1568 1067 1637 Boruss.
1100 1558 1204 1636 183ss
1221 1594 1253 1661 p.

96 1677 239 1741 Μ’
421 1767 483 1839 Νι
512 1765 632 1835 Tou
665 1759 923 1860 osorem

418 1877 454 1952 Ξ.
494 1875 624 1951 ΕΔΑ.
664 1877 900 1951 ΜΟΞΛΔΥ.

92 1997 184 2064 Haec
205 1997 387 2065 Boeckhius
410 1998 444 2062 in
464 1995 551 2063 hunc
572 1997 793 2062 fere'modum
814 1995 996 2084 supplenda
1014 1999 1197 2067 arbitratur:
1262 2030 1267 2069 ε

273 2085 485 2188 ’[Κυκλεὶὄης
512 2101 680 2187 ΚΙυκλῆος
700 2097 903 2189 ἁδι[λῳ]ε[ιῷ
919 2097 1073 2189 ’Apiolae

150 2268 153 2272 ,
338 2205 398 2272 ’τὸν
420 2207 535 2293 δελφὶς
559 2203 911 2293 [σῶσε,·μναμοσύναν
933 2207 1072 2295 τέλεσιν]
1140 2221 1170 2277 ’;

92 2299 191 2404 atque
213 2338 243 2403 p.
268 2316 309 2380 73
331 2314 551 2402 explicationis
576 2336 691 2380 caussa
713 2312 813 2380 addit:
835 2312 907 2380 Mat
929 2316 1038 2381 dieser
1059 2315 1254 2401 Hypotlaese

94 2424 147 2487 cin
170 2422 309 2488 Brudcr
330 2422 386 2486 des
409 2422 517 2487 Arion
538 2419 621 2486 labe
650 2421 767 2486 descen
789 2420 976 2487 Andcnhen.
998 2422 1035 2487 ιἰι
1058 2422 1171 2489 Thera
1188 2446 1266 2510 qc--
1320 2478 1323 2483 .

93 2524 198 2612 flicrt,
221 2528 312 2593 stelit
334 2525 507 2616 dasjcnipc
527 2528 562 2592 in
585 2526 702 2592 collem
717 2526 894 2612 Finhtanp',
916 2527 996 2593 daea
1017 2528 1077 2594 der
1087 2527 1253 2597 Poseidon

95 2656 157 2700 von
184 2635 315 2712 Thera,
342 2633 393 2699 tet
421 2635 539 2699 descen
564 2633 702 2717 Tempe!
730 2633 821 2698 dicae
841 2631 1082 2720 Felsinsclrrift
1103 2636 1173 2703 sicle
1195 2636 1257 2707 deq.
1265 2680 1268 2689 ·

94 2735 207 2824 finden
228 2739 378 2817 meelate,
407 2737 601 2804 schwerlich
628 2739 683 2803 cin
708 2739 833 2804 artdrcr'·
860 2739 912 2804 ate
942 2739 1002 2804 der
1027 2740 1256 2817 Taenaroctae

93 2868 173 2911 war.
217 2843 312 2910 Unde
339 2853 429 2933 patet
457 2865 522 2908 non
551 2850 752 2930 compertum
778 2841 927 2909 habuisse
947 2841 1147 2913 Boeckhium
1173 2870 1266 2915 vere·

94 2973 135 3014 ne
158 2949 199 3015 ad
219 2949 362 3038 Neptuni
392 2947 548 3038 templum
574 2955 703 3036 reperta
727 2944 808 3014 haec
836 2947 999 3034 inscriptio
1021 2948 1077 3029 sit,
1108 2971 1170 3015 nec
1198 2972 1250 3019 ne

96 3055 234 3121 Omnino
256 3055 336 3120 illud
365 3054 541 3121 tenendum
573 3062 636 3133 cst,
668 3051 820 3140 Neptuno
855 3050 894 3117 ab
922 3051 1078 3117 Arione'
1069 3074 1104 3118 m
1129 3051 1256 3141 hymno.

94 3160 314 3226 tantummodo
337 3161 447 3226 salutis
469 3156 651 3225 benificium
674 3156 758 3223 edite
775 3156 886 3223 referri
906 3164 1084 3244 acceptum.
1127 3158 1252 3229 Verum

92 3264 155 3331 hoc
176 3289 263 3332 nune
285 3289 351 3332 non
373 3269 491 3354 agitur3
525 3273 633 3330 tamen
665 3261 730 3328 hoc
759 3269 847 3327 certe
874 3258 956 3349 lapis
984 3263 1045 3329 iste
1066 3264 1094 3329 si
1122 3266 1252 3355 quidem

92 3371 305 3459 inscriptionis
328 3380 567 3458 argumentum,
595 3367 682 3459 quod
703 3389 768 3433 non
789 3364 914 3449 infitior,
936 3376 1024 3435 recte
1047 3391 1066 3435 a
1086 3367 1251 3439 Boeckhio

74 3529 76 3533 ⁴
95 3485 300 3564 perspectum
322 3484 380 3556 est,
402 3497 462 3541 nos
478 3475 602 3555 edocet,
623 3472 677 3538 vel
699 3472 824 3538 Arionis
841 3481 996 3561 cognatos
1009 3474 1252 3565 propagandam·

95 3583 233 3669 portenti
254 3580 345 3647 istius
366 3582 511 3647 notitiam
533 3603 592 3668 pro
614 3577 696 3645 virili
717 3600 856 3645 curasse.
1207 3599 1209 3603 ’

183 3685 327 3753 Transeo
349 3687 446 3776 igitur
468 3685 510 3752 ad
538 3682 722 3773 delphinos,
748 3684 781 3749 in
810 3683 923 3774 quibus
946 3686 1042 3753 totius
1065 3687 1112 3752 rei
1132 3687 1254 3753 versari

96 3791 260 3859 cardinem
283 3815 357 3859 cum
379 3802 493 3882 suapte
514 3798 637 3881 pateat,
665 3788 698 3857 id
720 3789 826 3878 ipsum
846 3788 922 3857 licet
945 3790 984 3857 ab
1006 3789 1153 3857 omnibus
1175 3791 1253 3859 viris

97 3899 199 3964 doctis
232 3899 402 3986 repetitum
433 3900 489 3979 sit,
527 3906 636 3963 tamen
669 3894 784 3963 eodem
815 3895 884 3963 fere
915 3903 1078 3961 momento
1110 3894 1255 3981 ipsorum

96 4005 272 4072 raemoriae
289 4001 434 4092 elapsum
448 4004 583 4070 videtur.
620 4001 727 4082 Certe,
750 4015 839 4089 quae.
853 3997 1035 4079 attulerunt,
1053 4007 1109 4065 aut
1121 4020 1253 4088 prorsus

98 4132 117 4175 a
138 4133 173 4177 re
196 4109 300 4177 aliena
322 4119 406 4190 sunt,
428 4119 483 4175 aut
501 4108 677 4198 expediunt
696 4105 783 4172 nihil.
827 4099 1033 4175 Confidenter
1048 4104 1142 4185 enim,
1164 4105 1255 4173 ideo·

99 4209 161 4305 que
184 4217 260 4285 satis
282 4215 436 4305 spesiose,
458 4223 492 4282 at
513 4214 661 4303 speciose
672 4219 806 4282 ‚tantum
824 4206 1130 4378 Odofr.‚hlppllerus
1145 4209 1265 4302 dispro-
