2798 4672
1166 278 1213 353 13

58 464 154 528 σάτον
175 459 301 539 πολλὴν
319 459 646 548 ,ιάπορὶανὲχοντσς,
674 455 761 547 ὀρῶν
778 459 824 543 ,δὲ
851 460 983 547 τρυφὴν
1003 461 1060 524 καὶ
1082 456 1215 538 ἡδυπα-

60 568 250 649 θυίανααλ
271 563 448 654 Ιάμουσιάν
462 561 755 653 ,ἐπιχωριάζουσαν
779 563 844 636 Μὰ
871 565 946 643 τοὺς
971 563 1088 649 θεούς,
1114 555 1216 643 sinen,

60 676 245 762 ἐμὲπαῦσᾱ
266 674 311 738 τά
332 672 455 766 άχαθά
477 669 536 740 οὐκ
557 669 679 740 άπολιῑ
697 669 766 737 ἀλλ’
791 672 849 763 ἔχω’
881 674 997 740 ταῦτα.
1024 677 1216 757 unislaw-

60 784 166 849 λαιάν
185 781 307 869 ἑτέροις
328 781 387 848 τὸν
407 782 531 870 ιιλῆρον
549 780 756 862 ἐξέπλευσεν,
778 789 814 846 ut
835 781 1020 849 Perizonius
1043 792 1216 872 propterea

61 892 226 974 diversum*
241 890 352 978 locere
364 889 474 956 mullet
485 887 700 964 Philoxenum
721 885 900 974 petanense
913 888 963 955 ob
978 886 1215 977 xdithyrambieo

61 1007 172 1087 poeta,
210 996 285 1063 Seio
298 997 439 1087 ·quidem
462 996 587 1062 disertis
605 993 711 1062 verbis
723 993 911 1084 Cytherium
924 993 1215 1087 quoque'golosum

63 1103 240 1194 depingi-,a
259 1101 391 1170 Phania
413 1101 541 1184 Eresio,
575 1102 630 1192 qui
656 1101 724 1170 sere
743 1102 809 1174 280
826 1125 859 1168 za.
882 1099 958 1169 Chr.
980 1103 1080 1183 vixit,
1106 1111 1175 1169 tum
1197 1124 1233 1174 a,

62 1208 221 1279 lleehone
234 1208 406 1295 Sicyonio.
429 1209 563 1291 comico,
586 1218 619 1274 et
638 1207 843 1298 Hegesippo,
865 1209 918 1274 eui
940 1206 1072 1297 Crobyli
1094 1229 1215 1298 eogno-

62 1316 238 1396 mourut.
259 1314 317 1382 sed
340 1337 411 1395 eos,
441 1324 552 1404 utpote
579 1339 599 1380 a
625 1312 880 1385 Philoxenorum
899 1315 1098 1406 temporibus
1120 1315 1214 1381 nimis

62 1430 203 1493 remotos
230 1430 289 1489 *aut
317 1421 402 1487 lama
432 1431 487 1497 eut
515 1423 671 1489 memorie
694 1420 846 1511 deceptos
869 1446 943 1491 esse
964 1420 1135 1491 verisimile
1158 1431 1215 1489 est.

63 1528 257 1614 Quidenirn
278 1528 444 1601 Mochonis
471 1527 535 1597 hae
560 1531 599 1596 in.
613 1551 657 1594 re
684 1527 802 1595 valeat
813 1530 1044 1610 testimonium,
1068 1526 1120 1599 vel
1140 1527 1217 1595 inde

61 1636 284 1726 porteto-quod
312 1646 347 1702 ut
374 1637 498 1705 comice
526 1658 594 1704 rem
622 1658 738 1727 ornare
753 1637 876 1725 possit,
904 1635 1016 1727 polypi
1037 1631 1215 1706 bicubitalis

63 1751 129 1810 esr'rt
147 1744 317 1831 Syracusis
346 1742 572 1831 moribundum
596 1740 987 1825 Philoxenumtinxerit,
1021 1742 1075 1831 qui
1106 1750 1216 1814 tamen

62 1850 238 1970 perspicuis
265 1849 384 1919 Suidae
406 1847 512 1915 verbis
539 1847 665 1938 Ephesi
675 1849 849 1917 decessit.
878 1844 1078 1934 Φιλιχθὺαν
1107 1857 1216 1915 autem

61 1958 166 2047 ipsius
180 1956 312 2025 comico
339 1978 429 2022 more
449 1955 498 2020 ed
520 1953 688 2021 ridiculum
715 1979 817 2045 usque
845 1957 1054 2044 exaggeravit
1075 1955 1215 2099 Sopater

62 2063 270 2130 Parodus:

66 2199 69 2206 .
120 2223 122 2228 .
216 2167 347 2240 δισσαῖς
368 2165 431 2252 γάρ
453 2167 488 2230 ἐν
509 2167 687 2249 μέσσοισιν
710 2159 840 2248 ἰχθύων
862 2170 979 2251 φοραῖς
1034 2208 1037 2212 <

124 2281 127 2286 ’
216 2261 298 2350 ἧστο
319 2270 379 2337 τὸν
400 2272 526 2350 Αἴτνης
547 2264 592 2346 εἰς
612 2273 716 2356 μέσον
736 2267 883 2336 λεύσσων
904 2267 1047 2340 σκοπόν,

63 2382 136 2448 Neo
165 2388 273 2444 tarnen
302 2380 431 2444 omnino
459 2373 536 2443 nihil
568 2379 638 2445 veri
669 2379 701 2444 in
727 2378 790 2444 hoe
817 2377 988 2449 Mathonis:
1009 2378 1082 2447 loeo
1110 2384 1216 2449 inesse

64 2487 334 2574 dixerim;i1nmo
356 2485 515 2552 verbaiis
536 2485 667 2567 similia,
695 2508 777 2575 quae
805 2484 826 2552 l.
848 2486 868 2552 l
894 2487 1217 2555 morituroottribuit

64 2593 261 2673 Philoxeno,
288 2615 326 2658 re
352 2594 489 2658 veroin
517 2602 620 2659 semet
646 2593 753 2682 ipsum
773 2591 972 2660 Philoxenus
1001 2595 1133 2662 videtur
1149 2598 1216 2686 'epi-

65 2701 271 2791 grammatiee
294 2701 531 2789 composuisse,
555 2723 637 2790 quae
658 2722 732 2764 mea
755 2699 883 2790 quidem
905 2704 1063 2768 sententia
1082 2725 1216 2793 eompa-

64 2809 139 2874 retis
163 2806 416 2873 Hermesionact
439 2829 488 2895 ap.
512 2804 626 2870 Athen.
640 2804 714 2872 XIII
734 2830 764 2896 p.
778 2807 842 2872 598
863 2807 969 2873 verbis
991 2830 1057 2874 non
1080 2810 1216 2883 dissimi-
1228 2809 1229 2815 '

65 2915 145 2982 lihus
173 2912 210 2978 fit
240 2912 441 3002 probahihor
496 2911 581 2978 Dico
613 2911 698 2980 haec
721 2911 885 2980 Machonis
914 2937 982 3004 ap
980 2914 1109 3032 Athen
1133 2897 1231 2998 x1113'

66 3044 103 3111 p
99 3022 191 3087 341
301 3027 303 3031 ’
593 3060 596 3065 «
1130 3067 1134 3077 -

51 3203 57 3212 .
87 3127 132 3188 ,ἐι
179 3128 291 3203 τοῦς
291 3122 545 3212 διθυράμβους
567 3127 632 3192 σὺν
652 3129 749 3202 θεοις
768 3122 1010 3210 καταλιμπάνω
1058 3168 1060 3172 -

164 3230 444 3320 .ἠνὸρωμὲνους
464 3237 519 3297 καλ
542 3231 670 3308 πάντας
692 3234 980 3316 ἐσττιχανωμένους

67 3353 139 3395 ²-'·--
168 3380 170 3385 .
201 3336 274 3416 τους
293 3338 487 3425 ἀνατίθημι
509 3345 581 3415 ταῖς
602 3341 748 3424 ἐμαυτοῦ
763 3336 970 3426 συντρόφοις

175 3445 390 3529 Μούσαις,
412 3444 625 3534 Ἀφροδίτην
643 3451 699 3510 καὶ
721 3443 884 3515 Διόνυσον
904 3445 1109 3535 ἐπιτρόπους.
1145 3466 1148 3471 ’
1207 3464 1210 3469 “
1332 3514 1336 3521 ,

64 3486 264 3625 llermesion
281 3555 327 3621 ib.
351 3553 433 3634 XIII,
456 3554 632 3642 p..598

100 3660 336 3748 ”ledpa
301 3660 336 3724 δὲ
360 3661 419 3724 τὸν
445 3655 692 3746 Κνθέρηθυν“
672 3683 711 3725 ον
731 3629 926 3751 ἐθρέψαντο
949 3666 1129 3744 τιθῆναι

89 3802 104 3813 ·‹
190 3767 354 3854 Βάκχου
377 3769 449 3833 τὸν
471 3767 600 3832 λωτοῦ
620 3767 873 3835 πιστότατον
896 3770 1068 3859 ταμίην,
1144 3769 1149 3793 ¹

65 3921 68 3928 ·
98 3920 100 3926 ι
148 3874 317 3941 Μουσαι
338 3877 625 3942 παιδευθέντα
652 3871 900 3956 Φιλόξενον,
865 3901 922 3942 οια
944 3876 1115 3965 τιναχθεὶς
1136 3880 1210 3958 κτλ..

65 3983 192 4050 Deinde
216 3986 312 4050 etiam
334 3983 397 4053 hoc
419 3986 554 4050 fortasse
584 3987 681 4050 statui
708 4007 750 4051 ex
778 3984 837 4052 illis
864 3990 981 4075 poterit
1002 3982 1216 4052 Philoxenum

63 4089 153 4155 illum
184 4089 382 4157 Leucadium
417 4090 564 4180 Er'yxidis
598 4091 695 4158 filium
723 4093 890 4180 Syrasusis
924 4090 1096 4158 immodico
1129 4091 1216 4156 victu

63 4199 205 4285 periisse.
266 4199 348 4264 Utut
382 4208 444 4279 est,
477 4200 641 4267 notissimo
669 4198 723 4264 illa
759 4199 938 4279 Φιλοξένου
965 4195 1142 4285 ὀψοφαχὲα
1174 4198 1214 4262 ds

63 4303 135 4370 solo
149 4303 301 4392 Eryxidis
324 4301 386 4368 tilio
405 4303 567 4372 Leucadio
589 4303 794 4391 intelligendo
818 4313 878 4370 est.
916 4303 1026 4396 ltaque
1040 4303 1214 4372 Aeschines
