2798 4672
1149 252 1223 328 tot

65 435 169 504 officia
189 435 290 526 paulo
303 435 562 527 -accurptioubm
592 432 714 503 finibus
729 435 1041 509 circumcinetus„
1059 435 1109 509 Cf..
1124 434 1225 521 'illel-¹

65 540 180 609 clerus
208 541 458 633 Aeschyls'Tn‘l
479 565 511 633 p.
524 541 725 617 -‚1-95=-205.·
744 580 758 633 χ
777 539 846 609 Sed
878 541 1060 613 videamus,
1076 542 1129 611 do,
1140 540 1227 637 Bae¹

63 645 155 713 chico
179 646 277 731 cultu,
301 651 391 739 eujus
411 647 493 716 haec
508 648 610 738 gratia
624 649 762 738 profero.
808 644 904 731 Quid,
927 645 1226 738 quodPanopeum,

62 753 194 839 urhe-in
216 752 359 823 Phocide
386 756 456 823 sita:
470 755 642 846 antiquitus
657 753 718 847 :vel
746 750 1228 843 sattt200090-0)„eetebra-

61 869 167 941 retur,
191 862 591 952 quamquamquotannis·
599 859 724 929 ibidem
739 857 923 948 Thyiadu'm
944 881 1027 949 grex
1045 873 1123 937 caino·
1141 859 1229 929 Bac·

64 963 132 1035 chis
163 966 288 1033 leminis
314 965 481 1058 Delphicis
516 967 703 1035 conveniret
718 1005 722 1013 ι
737 964 778 1032 ad
806 965 897 1054 orgia
930 965 990 1033 rito
1018 960 1228 1053 peragenda?

64 1070 120 1138 Sic
148 1073 233 1138 enim
254 1073 393 1141 Pansam.
406 1072 510 1156 ³X,‚4,
529 1073 560 1138 2.
573 1129 586 1144 .,
600 1070 827 1161 τὰςὲτερονδὲ
853 1065 914 1136 οὐκ
942 1064 1116 1150 ἐδινήθην
1134 1092 1229 1156 ‚crau⁴

65 1177 238 1260 βαλέσθαι
259 1175 420 1266 πρότερον
440 1174 496 1266 ἐφῗ
510 1232 515 1249 ,
527 1170 825 1268 ὅσην--καλλλχορον-
842 1175 902 1253 τὸν
925 1177 1092 1255 Humi&
1112 1176 1228 1266 ‘iiim

65 1283 163 1369 ποινὴ
185 1282 373 1372 ἐδιδάχθην
396 1281 461 1350 ὑπὸ
484 1285 550 1350 τῶν
572 1281 652 1372 παρ’
676 1281 868 1367 Ἀθηναίοις
889 1283 1102 1370 καλουμένων
1126 1279 1230 1350 &utei-

65 1391 143 1455 δων.
193 1392 242 1455 At
270 1392 304 1456 δὲ
336 1388 478 1469 Θυϊάδες
505 1398 657 1476 χνναῑκες
682 1397 744 1480 μὲν
770 1383 857 1456 εἰσὶν
880 1385 1053 1456 Ἀττικαὶ·
1086 1390 1229 1478 φοιτῶσι

64 1493 97 1562 δ’
123 1497 155 1573 ἐς
178 1496 236 1562 τὸν
259 1497 467 1588 Παρνασσὸν
488 1497 581 1584 παρὰ
603 1496 684 1578 ἔτος,
714 1494 818 1562 αὑταὶ
838 1498 896 1562 καὶ
918 1498 956 1561 αἱ
977 1504 1126 1580 γυναῖκες
1147 1497 1229 1563 Δελ-

64 1601 155 1688 φῶν,
184 1599 322 1686 ἄγουσιν
340 1601 456 1692 ’Όρχια
478 1602 644 1694 Διονύσῳ·
678 1601 816 1680 ταύταις
843 1608 935 1669 ταῖσι
960 1600 1116 1686 Θαϊάσιν,
1144 1602 1231 1668 κατὰ

63 1707 126 1789 την
146 1709 180 1790 ἐξ
200 1706 353 1790 Ἀθηνῶν
374 1709 456 1777 ὁδὸν
483 1715 539 1778 καὶ
572 1709 719 1797 ἀλλαχοῦ
739 1708 858 1798 χοροὺς
890 1705 1027 1776 ἱστάναι
1052 1712 1109 1776 καλ
1136 1709 1230 1799 παρὰ

63 1819 134 1893 τοῖς
151 1816 350 1881 Πανοπεῦσι
371 1819 572 1898 καθέστηκε.
615 1820 674 1882 καὶ
695 1817 715 1895 ἡ
738 1813 906 1894 ἐπίκλησις
928 1813 973 1894 εἰς
992 1816 1052 1881 τὸν
1068 1818 1232 1883 Πανοπέα

60 1917 205 2009 Ὁμήρου
226 1918 469 2007 ὑποσημαίνειν
496 1925 561 1988 τῶν
584 1917 851 1987 &stotesdona
871 1919 933 1990 νὸν
952 1919 1064 2009 χορόν.
1096 1923 1231 1989 Homeri

65 2028 157 2095 locus
178 2039 228 2094 est
251 2029 367 2118 Odyss.
391 2025 424 2094 λ’
447 2031 519 2096 580.
622 2072 634 2079 --
659 2072 664 2079 -

216 2132 367 2199 Πυθώδ’
390 2137 568 2223 ἐρχομένην
591 2133 646 2200 διὰ
667 2131 864 2222 καλλιχόρου
885 2133 1081 2214 Πανοπῆος.

152 2240 237 2325 Quid
262 2243 348 2332 quod
370 2242 533 2332 Thyiades
565 2242 700 2310 eaedem
720 2266 786 2310 non
807 2265 867 2332 per
888 2263 968 2308 saxa
997 2249 1030 2306 et
1058 2239 1152 2306 devia
1173 2263 1231 2308 va·

66 2355 232 2434 gerentur,
265 2346 323 2413 sed
356 2347 485 2438 publico
514 2349 757 2416 Atheniensium
784 2357 893 2415 sumtu
923 2348 976 2413 via
1003 2347 1082 2437 ipsis
1109 2356 1232 2415 structa

67 2453 252 2542 munitaque
286 2462 373 2519 esset
410 2455 450 2521 ad
482 2455 628 2546 Delphos
658 2480 770 2546 usque.
826 2456 891 2522 cfr.
919 2453 1054 2520 Mueller
1078 2452 1229 2519 Orchom.

66 2580 97 2646 p.
119 2557 169 2623 36.
193 2559 256 2624 383
290 2560 330 2625 de
358 2560 445 2650 Trip.
474 2561 592 2652 Delph.
618 2585 648 2652 p.
673 2565 722 2645 12,
747 2563 796 2628 13.
851 2559 894 2626 Et
926 2568 1034 2625 tamen
1066 2557 1231 2647 Thyiadas

43 2663 206 2728 ·Pausan.
230 2663 272 2744 X,
295 2669 325 2746 6,
346 2667 367 2728 2
390 2689 465 2731 cum
487 2668 696 2734 Illaenadibus
718 2667 897 2759 conjungit:
927 2659 1103 2742 Μαινάδες
1128 2662 1231 2730 Θαδά-

66 2768 135 2848 δες,
162 2758 244 2833 ὅσαι
273 2768 317 2856 τῷ
344 2766 495 2859 Διονύσῳ
524 2769 713 2855 μαίνονται.
745 2774 783 2838 cl.
805 2770 842 2852 II,
863 2774 892 2834 7.
915 2771 945 2834 6.
995 2771 1088 2837 Adde
1111 2771 1232 2862 Thyia·

68 2873 160 2940 dibus
190 2877 319 2964 junctas
342 2875 531 2965 Caryatides
566 2878 652 2968 apud
679 2877 819 2943 Plinium
844 2873 926 2940 Hist
955 2873 997 2941 N.
1020 2875 1179 2960 XXXVI,
1199 2879 1232 2960 4,

70 3002 149 3069 quas
180 2978 385 3047 nihilosecius
419 2982 505 3072 apud
536 2983 701 3050 Pratinam
736 2981 836 3048 altero
867 2981 998 3046 nomine
1027 2980 1233 3069 Dysmaena·

69 3107 140 3150 rum
159 3086 325 3175 insignitas
347 3088 510 3172 videmus,
543 3090 619 3156 licet
642 3089 759 3155 decora
781 3085 991 3174 Caryatidum
1012 3084 1138 3151 saltatio
1162 3108 1233 3154 om-

69 3190 161 3256 nibus
184 3201 331 3257 veterum
363 3195 438 3259 artis
466 3196 681 3263 monumentis
697 3201 864 3284 appareat
893 3190 1145 3258 luculentissime
1174 3218 1232 3262 ex·

69 3319 182 3385 pressa
211 3298 250 3362 cf.
270 3297 407 3363 llleinek.
430 3300 533 3366 Anall.
556 3301 672 3366 Alexx.
694 3299 847 3389 Epimetr.
870 3297 924 3380 VI,
946 3321 1019 3388 pag.
1042 3297 1230 3369 360-363.

71 3403 250 3469 Occasione
274 3402 348 3469 data
371 3404 472 3472 obiter
493 3404 707 3496 Euphorionis
731 3403 951 3471 Chalcidensis
981 3427 1112 3472 versum
1134 3410 1233 3476 corri-

71 3530 161 3596 gam,
192 3532 288 3598 quem
315 3508 493 3578 hleineliius
522 3511 614 3578 Anal.
643 3511 734 3579 Alex.
757 3533 788 3601 p.
812 3511 853 3575 76
876 3511 923 3594 (lr.
949 3508 1050 3598 XLII)
1078 3536 1144 3580 non
1173 3538 1233 3582 ex·

109 3730 146 3797 ⁹⁰]
166 3731 295 3785 Similiter
311 3733 447 3804 Aristoph.
468 3735 601 3788 Nauali
621 3736 655 3787 de
673 3735 764 3802 cycliis
782 3735 869 3790 choris
888 3736 1018 3804 loquitur:
1036 3733 1233 3793 εὐκελάδων

138 3821 242 3887 χορῶν,
260 3837 321 3873 cum
339 3821 462 3874 Pratines
480 3821 508 3874 in
527 3821 635 3888 eadem,
655 3829 685 3875 ut
702 3823 823 3891 videtur,
847 3840 877 3876 re
896 3824 1053 3892 simpliciter
1074 3823 1160 3876 dicat:
1183 3824 1234 3896 ἐμὲ

143 3903 188 3957 δεῖ
216 3906 350 3962 κελαδεῖν.
385 3909 476 3963 Schol.
497 3909 542 3960 Ar.
560 3909 578 3960 l.
596 3911 614 3960 l.
648 3904 805 3963 εὐκελάδων
833 3907 865 3960 δὲ
891 3910 946 3962 τῶν
975 3903 1155 3979 ἐνμούσων
1186 3915 1235 3966 καλ

142 3987 252 4055 ἡδέων
273 3996 383 4067 χορῶν,
415 4013 469 4064 qua
493 3999 603 4063 propter
627 3995 732 4048 etiamsi
760 3995 905 4062 Aeschylus
933 4012 976 4064 ap.
1000 3997 1074 4048 Plut.
1091 3997 1170 4051 Tom.
1189 4002 1234 4069 IX,

143 4097 169 4146 p.
190 4082 242 4134 228
259 4083 338 4134 Hutt.
356 4083 551 4149 dithyrambnm
576 4084 618 4135 vel
637 4077 774 4153 μιξοβόαν
797 4083 928 4151 appellet,
955 4081 1064 4133 minime
1088 4088 1178 4139 tamen
1201 4088 1235 4140 de

143 4168 307 4234 perturbatis
336 4173 416 4237 atque
442 4164 575 4239 ἀμούσοις
600 4169 772 4234 clangoribus
802 4185 833 4220 ac
860 4167 971 4220 vocibus
996 4169 1168 4236 cogitandum
1194 4173 1235 4227 vl-

149 4256 253 4307 deatur.

972 4343 1036 4408 13*
