2798 4672
1158 236 1231 312 aot

70 419 182 488 hanins
217 426 325 487 autem
357 419 390 483 in
424 417 584 485 animadv.
616 417 658 484 ad
690 416 820 483 Aristot
851 414 890 484 A.
913 417 949 484 P.
979 439 1051 508 pag.
1074 418 1097 485 4
1124 421 1235 487 nescio

73 528 186 617 quibus
217 535 272 591 aut
303 524 392 590 nisus
424 534 479 591 aut
507 522 659 592 seductus
692 528 840 589 veterum
871 521 969 606 locis,
998 519 1237 614 Ἀνθεστὴρια,

65 626 288 717 Ἀπατούρια,
324 623 484 696 Διονύσια
514 628 720 717 dithyrambis
748 631 855 696 ornari
886 627 979 697 solita
1008 654 1097 714 esse,
1131 656 1236 724 eaque

71 741 154 810 festa
166 737 392 826 Dinyrambo,
415 735 503 826 quod
517 758 699 825 cognomen
713 734 835 803 Bacchi
856 736 907 816 sit,
931 759 1024 804 saera
1045 761 1118 805 esse
1133 761 1236 806 anno-

72 848 159 914 tavit
203 844 280 911 Non
300 864 385 931 nego
409 842 542 932 quidem.
565 844 598 909 in
625 839 674 907 his
698 839 924 908 Graefenhanii
940 836 1064 910 ¹verbis
1091 849 1160 912 veri
1183 848 1235 914 in-

72 976 145 1019 esse
173 948 306 1038 aliquid,
333 948 391 1014 sed
418 957 485 1014 tota
513 948 676 1014 annotatio
703 947 861 1037 ejusmodi
889 958 952 1029 est,
983 959 1019 1015 ut
1047 950 1088 1016 ad
1109 950 1237 1034 falsum,

73 1079 171 1147 quam
196 1074 310 1124 verum
344 1055 475 1146 propius
506 1055 649 1122 accedat.
691 1053 792 1122 ¹Nam
825 1076 1021 1145 quamquam
1047 1055 1236 1123 Disaenium

74 1162 114 1229 ad
136 1161 228 1229 Pind.
256 1160 493 1250 teutpald
520 1162 553 1228 in
581 1184 620 1227 ea
647 1163 806 1227 sententia
837 1162 959 1229 versari
994 1163 1107 1244 video,
1138 1164 1240 1230 utin

72 1267 281 1335 Anthesteriis
304 1266 424 1355 cyclios
447 1259 740 1335 choros'cecinisse
766 1272 877 1355 neget,
907 1277 1022 1356 postea
1044 1277 1151 1335 tamen
1171 1268 1237 1337 hoc

75 1373 299 1464 aliquomodo
323 1373 451 1463 probari
466 1395 570 1462 posse
593 1372 868 1440 demonstraturus
891 1389 973 1441 sum.
996 1376 1059 1441 ·At
1078 1360 1237 1442 Graeten-

74 1479 187 1547 hanins
218 1480 252 1546 id
291 1488 446 1568 tanquam
478 1478 682 1570 exploratum
706 1480 806 1568 ponit.
854 1477 984 1547 Deinde
1013 1478 1046 1546 in
1071 1482 1234 1570 apaturiis

74 1585 206 1653 Athenis
229 1584 464 1674 dithyrambnm
484 1587 632 1652 sonuisse
654 1587 711 1652 vix
731 1585 872 1666 credam,
888 1594 1002 1652 tamen
1014 1583 1138 1653 Larum
1151 1586 1235 1654 Har·

75 1694 274 1760 mionensem
296 1693 397 1781 prohe
418 1693 485 1760 scio
507 1691 613 1759 eidem
633 1690 764 1759 Baccho
785 1690 1014 1780 Melanaegidi,
1041 1695 1094 1760 eui
1111 1694 1247 1785 Apatu·.

75 1801 196 1865 riorum
216 1800 334 1863 testum
353 1820 487 1864 sacrum
503 1797 577 1877 tuit,
605 1795 801 1862 Hermionae
832 1796 1063 1884 dithyrambica
1082 1823 1143 1866 sua
1164 1819 1236 1867 cur-

76 1907 162 1970 mina
191 1903 399 1970 dedicavisse.
444 1902 509 1971 Cir.
531 1900 800 1968 Schneidewinus
830 1901 871 1967 de
896 1900 983 1969 Laso
1005 1927 1036 1994 p.
1060 1907 1110 1970 ll.
1144 1905 1237 1972 Wei-

76 2011 192 2078 ckerus
213 2008 320 2078 Addit
341 2030 372 2096 p.
393 2008 454 2073 251
479 2016 544 2073 not
573 2032 641 2073 irs.
688 2007 877 2089 Postremo„
905 2008 992 2097 quod
1016 2011 1051 2074 in
1070 2010 1246 2099 Dionysiis

77 2115 197 2205 cyclios
221 2113 338 2181 choros
365 2115 539 2180 instructos
567 2135 640 2178 esse
666 2113 725 2193 ait,
755 2134 870 2179 verum
898 2113 1042 2196 tradidit,
1071 2117 1100 2181 si
1118 2134 1238 2206 magna

77 2231 201 2288 tanturn
221 2219 379 2309 Dionysia
401 2218 456 2304 (τὰ
476 2214 552 2285 κατ’
575 2214 673 2302 ἄστυ)
696 2217 872 2302 intellexit3
892 2221 945 2286 sin
963 2239 1042 2287 vero
1065 2231 1238 2314 utrumque

78 2329 208 2409 testum,
237 2329 353 2395 iterum
385 2328 500 2393 erroris
533 2325 721 2391 manifestus
753 2334 811 2392 est.
844 2327 990 2416 -Optime
1019 2326 1061 2394 de
1091 2337 1247 2420 tempore·

78 2433 268 2522 dithyrambi
290 2435 356 2522 egit
374 2433 544 2500 Disaenius
566 2431 586 2497 l.
608 2431 629 2498 l.
653 2441 737 2521 etp.
760 2433 841 2515 (Μ,
871 2434 924 2523 qui
951 2431 1089 2501 Lenaeis
1122 2457 1180 2501 eos
1206 2443 1240 2501 st

78 2541 201 2629 magnis
211 2538 379 2628 Dionysiis
401 2549 491 2606 actos
515 2547 636 2620 censet,
656 2540 761 2605 minus
784 2549 892 2607 tamen
916 2550 1010 2607 caute
1026 2540 1239 2608 Anthesteriis

79 2654 225 2712 cantatos
253 2667 326 2711 esse
354 2655 462 2734 negat.
506 2645 555 2711 Cf.
584 2643 694 2711 Baehr
714 2645 847 2735 Enoyei.
874 2646 919 2713 tia
941 2646 981 2715 cl.
1005 2656 1070 2714 ant
1091 2669 1123 2736 p.
1147 2648 1239 2714 1112.
1339 2687 1341 2690 -

79 2748 241 2816 Preflerus
255 2752 306 2832 ⁹⁸)
336 2751 439 2829 enim,
469 2751 523 2838 qui
543 2750 718 2816 novissime
740 2751 780 2816 de
798 2751 964 2840 Dionysiis
987 2753 1066 2842 egit,
1095 2751 1160 2818 hoc
1179 2753 1241 2819 sibi

79 2858 278 2946 persuasisse
310 2855 437 2921 videtur
468 2851 705 2942 dithyramhum
730 2857 891 2922 nonnisi
919 2861 1044 2947 mugnis
1074 2859 1241 2950 Dionysiis

80 2965 149 3030 sive
171 2961 299 3026 urbanis
323 2983 341 3025 a
364 2958 472 3049 cycliis
495 2957 599 3026 choris
624 2959 828 3026 decantatum
850 2984 938 3043 esse;
961 2966 1071 3052 quain
1091 2966 1242 3054 opinione

81 3070 192 3148 etiam,
224 3069 252 3132 si
282 3066 357 3156 quid
387 3066 512 3146 iridoo,¹
531 3064 816 3132 Schneidewinum
847 3071 1120 3136 consentientem
1134 3069 1241 3155 habet,

82 3174 151 3263 qui,
180 3173 213 3237 in
240 3171 417 3239 Simonidd.
446 3174 527 3262 irgg.
556 3195 589 3262 p.
608 3173 653 3239 52
680 3172 738 3244 nbi
763 3192 938 3247 vernorum
965 3175 1241 3265 dithyramhorum

80 3279 276 3344 mentionem
305 3279 395 3373 iacit,
425 3279 589 3345 exstitisse
622 3279 719 3345 etiam
746 3276 832 3346 aliud
865 3303 980 3347 eornm
1015 3304 1118 3372 genus
1144 3284 1241 3368 addit,

83 3405 219 3474 quorum
242 3393 466 3474 argumentum
486 3383 520 3450 in
531 3383 649 3471 fabulis
660 3383 798 3451 heroicis
814 3396 1007 3470 versaretur,
1028 3376 1143 3479 quihus
1166 3413 1241 3458 cum

82 3490 278 3580 Dionysiaca
310 3489 464 3579 religione
498 3491 651 3578 cognatio
686 3489 845 3580 quaedam
876 3492 1103 3576 intercederet,
1136 3495 1243 3586 quana

83 3598 223 3663 carmina
253 3606 286 3663 et
307 3616 326 3663 a
347 3596 486 3663 Pindaro
511 3607 544 3664 et
565 3619 585 3663 a
607 3597 772 3665 Simonide
794 3600 978 3689 composita
1003 3601 1243 3691 tragoediarum

81 3701 254 3790 lyricorum
284 3702 415 3769 nornine
450 3702 551 3770 videri
581 3704 732 3792 insignita
761 3704 869 3772 fuisse.
925 3706 1022 3790 Quod
1053 3727 1171 3773 vereor
1198 3729 1243 3774 ne

83 3808 236 3875 audacius
265 3810 440 3899 conjecerit
466 3809 515 3876 vir
544 3807 673 3891 doctus3
706 3810 866 3901 siquidem
899 3810 982 3877 inter
1014 3810 1245 3897 dithyrambos,

84 3915 331 4005 tragoediisque
359 3915 489 4003 lyricas,
519 3914 582 3983 hoc
611 3914 709 4005 paulo
729 3927 805 3984 ante
826 3916 995 3983 statuimus
1017 3916 1173 3983 interesse
1194 3917 1243 3985 di·

85 4020 237 4100 serimen,
266 4029 301 4085 ut
319 4018 373 4087 ille
395 4022 427 4087 in
438 4021 584 4105 ,heroicis
608 4020 720 4088 tabulis
744 4031 940 4103 versaretur,
973 4044 1109 4111 quarum
1136 4021 1243 4116 aliqua

124 4251 160 4316 a)
179 4250 243 4304 rora.
263 4268 289 4318 p.
311 4254 387 4306 roos.
