2798 4666
117 260 140 330 6

116 438 202 518 ἔτος,
222 435 374 504 Ιὁπλιτῶν
401 436 438 502 δὲ
466 434 616 527 φρουρὰν
641 436 822 520 διέπεμπον
849 429 903 498 olet
928 434 985 503 καὶ
1009 431 1135 514 πολλὴν
1155 433 1267 520 ἐπιμέ-

118 548 209 611 λαον
230 542 405 610 ἐποιοῦντο
431 566 460 611 κ.
482 567 510 609 τ.
534 545 564 610 λ.
612 543 743 611 Memini
769 550 877 607 tamen
900 541 984 632 apud
1006 541 1199 608 Pausaniam
1220 541 1268 610 le·

118 676 195 744 gere
218 656 260 742 (p.
280 653 324 719 25
342 651 390 718 ed.
411 651 522 738 Sues.)
545 653 609 718 iam
632 659 705 716 ante
727 647 839 716 Niciae
861 657 1006 737 tempora
1028 647 1197 738 aliquando
1219 649 1268 713 in-

118 759 223 826 sulam
252 780 324 826 eam
358 759 391 824 in
425 757 666 824 Atheniensium
700 746 892 846 potestatem
925 754 1070 836 venisse3
1103 753 1272 820 Tohnidae

120 867 281 932 devictam
314 864 577 954 expeditionibus.
622 862 749 952 Olymp.
772 859 956 943 LXXXIII,
989 867 1011 942 ᾖ
1040 855 1113 925 Ἐπὶ
1145 861 1180 924 δὲ
1212 859 1273 925 τοῦ

121 970 259 1059 βάθρου
280 971 347 1056 (ait)
369 972 426 1035 καὶ
449 968 642 1058 ἁνδρίανκες
663 963 748 1035 εἰσιν
769 965 874 1046 ἐντὸς,
897 956 946 1044 οἷς
969 963 1162 1053 ἐμαντεύετο
1189 968 1271 1033 Τολ-

120 1075 218 1163 μὶὃη,
241 1078 298 1142 καὶ
323 1073 424 1154 αὐτὸς
449 1074 624 1162 Τολμίδης.
657 1071 694 1152 bg
712 1071 916 1154 Ἀθηναίων
938 1077 1057 1139 ναυσίν
1083 1071 1272 1163 ἡγούμενος,

124 1182 244 1261 ἄλλους
271 1206 305 1247 τε
333 1178 473 1250 ἐκάκωσε
500 1187 556 1249 καὶ
579 1179 859 1261 Πελοποννησίων
881 1179 943 1261 την
961 1178 1087 1270 χώραν,
1115 1172 1190 1246 ὅσοι
1218 1184 1272 1246 νέ-

124 1311 246 1374 porcae
283 1289 344 1368 την
375 1287 545 1378 παραλίαν
581 1292 637 1354 καὶ
669 1285 944 1373 Λακεδαιμονίων
980 1289 1034 1356 ἐπί
1073 1285 1192 1376 Γυθίῳ
1229 1288 1272 1353 πεί

122 1394 244 1486 νευίρεα-
267 1394 422 1482 ἐνέπρησε
451 1398 508 1462 καὶ
536 1395 601 1468 τῶν,
629 1395 801 1482 περιοίκων
827 1390 978 1480 Εὐβοίου
1009 1385 1094 1460 εἷλεν
1126 1399 1184 1460 καὶ
1210 1397 1272 1475 την

125 1500 314 1591 Κυθηρίων
335 1503 449 1582 νῆσον.
495 1503 645 1570 Debebat
666 1503 761 1592 igitur
784 1524 822 1568 ea
843 1501 946 1568 insula
965 1504 1147 1592 recuperari
1169 1501 1273 1570 aba·

124 1609 353 1690 cedaemoniis,
374 1610 561 1700 priusquam
583 1609 689 1676 denuo
708 1618 948 1697 expugnaretur
965 1609 1006 1675 ab
1017 1607 1274 1694 Atheniensibus,

126 1717 221 1808 quod,
232 1737 295 1807 quo
309 1731 392 1782 anno
404 1717 523 1782 laetum
534 1717 575 1782 sit
589 1717 672 1783 inter
682 1713 732 1782 Ol.
742 1712 927 1797 LXXXIII,
944 1721 966 1798 ξ,
980 1724 1012 1783 et
1024 1713 1073 1782 Ol.
1085 1714 1274 1798 LXXXIX,

126 1828 143 1891 l
169 1831 318 1891 accurate
341 1819 471 1890 definire
499 1823 555 1888 vix
576 1824 769 1912 poterimus,
797 1823 952 1888 sedante
975 1820 1025 1889 Ol.
1044 1819 1229 1905 LXXXVI,
1251 1825 1273 1888 2

125 1953 190 1997 non
213 1932 332 1996 lactum
355 1951 436 2010 esse,
458 1929 485 1994 si
500 1950 562 2021 qua
583 1928 615 1994 in
628 1928 788 1996 Marmore
796 1927 890 1995 Pan'o
913 1926 992 1995 fides
1005 1929 1098 2011 inest,
1111 1930 1144 1994 in
1161 1938 1272 2019 aperto

126 2046 183 2103 est.
234 2037 277 2104 At
301 2035 428 2103 videtur
455 2057 497 2102 ne
524 2055 607 2124 opus
640 2035 768 2126 quidem
798 2058 870 2102 esse
898 2037 1027 2126 argutiis
1055 2037 1131 2102 istis.
1187 2035 1272 2103 Nam

125 2140 268 2230 Cythera
292 2143 396 2210 insula
424 2141 509 2209 haud
540 2141 634 2209 dubie
662 2141 750 2210 brevi
771 2153 846 2233 post
866 2143 978 2212 Niciae
1001 2143 1272 2234 expuguationem

124 2266 251 2313 rursum
279 2244 459 2312 Laconicae
491 2246 616 2311 ditionis
646 2247 729 2311 iacta
758 2257 815 2312 est.
864 2250 961 2331 Quod
982 2269 1062 2313 vero
1088 2249 1206 2312 Suidas
1228 2250 1273 2312 ait

126 2349 296 2440 Cytherius
314 2351 350 2416 in
372 2352 559 2416 servitutem
576 2351 704 2414 venisse
716 2348 1045 2417 Lacedaemoniorum
1067 2347 1129 2416 hoc
1152 2352 1271 2440 optimc

124 2455 265 2545 intellegi
297 2457 415 2544 poterit
443 2454 483 2521 de
511 2452 751 2520 Atheniensium
777 2454 820 2521 ibi
852 2454 962 2521 relicto
994 2455 1161 2544 praesidio.
1222 2457 1270 2524 cf.

125 2561 270 2650 Thucyd.
282 2560 338 2643 lv,-
348 2563 399 2628 51.
444 2560 557 2628 thaso
579 2559 696 2649 Sparta
718 2560 862 2651 Append.
887 2561 927 2626 ad
938 2560 1031 2628 Tom.
1045 2560 1066 2627 l.
1109 2562 1176 2629 Sed
1198 2562 1271 2646 hoc,

123 2681 287 2760 utcunque
307 2686 345 2734 se
365 2667 494 2748 habeat,
521 2664 598 2732 hero
629 2668 773 2755 paruisse
800 2666 1029 2749 Philoxenum,
1058 2688 1123 2735 non
1152 2669 1272 2737 Suidae

125 2776 229 2843 solum
251 2775 431 2842 testimonio
454 2794 567 2840 verum
596 2774 691 2840 etiam
718 2771 872 2862 Hesychii
900 2773 1005 2842 verbis
1027 2775 1181 2864 probatur
1201 2800 1227 2843 s.
1239 2801 1270 2842 v.

124 2878 282 2952 Λούλωνα
303 2878 362 2945 εὰν
387 2875 567 2961 Φιλόξενον
590 2875 783 2944 Μουσικόυ·
800 2884 829 2965 ⁶)
860 2877 971 2960 ἐπειδὴ
995 2880 1111 2959 δοῦλος
1131 2878 1272 2972 ἐγεγόνει

125 2987 144 3055 ὁ
169 2985 356 3071 Φιλόξενος.
383 2972 425 3067 ἦν
451 2987 488 3051 δὲ
509 2985 547 3093 eb
568 2986 660 3076 γένος
683 2985 873 3077 Κυθήριος
905 2990 992 3079 quod
1013 2989 1099 3056 unde
1122 2988 1270 3080 deprom-

124 3107 217 3186 ptum
244 3098 284 3162 sit
310 3093 435 3161 difficile
466 3094 560 3161 luerit
586 3094 746 3177 divinatu,
776 3103 885 3163 tamen
913 3097 1076 3186 scriptoris
1105 3097 1272 3163 cuiusdam

124 3202 232 3270 locum
263 3224 336 3267 esse
365 3201 498 3291 abrupte
526 3201 722 3290 exscriptum
743 3211 832 3292 patet
856 3207 895 3288 ⁰).
950 3202 1104 3270 Ceterum
1130 3204 1189 3270 luit
1215 3201 1272 3269 ali-

125 3307 252 3401 quando
282 3317 318 3374 ut
344 3328 463 3373 nomen
492 3305 570 3373 illud
585 3303 732 3375 Δούλων
760 3311 819 3377 sub
851 3308 967 3376 Eubuli
995 3308 1101 3376 labula
1135 3310 1273 3400 padam

124 3414 225 3482 latere
246 3414 442 3503 suspicarer,
470 3412 509 3479 de
533 3434 595 3502 qua
616 3415 757 3483 sciebam
778 3418 1030 3483 controversiam
1052 3439 1138 3498 esse,
1165 3425 1273 3482 utrum

124 3517 240 3589 Δόλων
266 3541 306 3585 an
328 3517 445 3594 dovitae
465 3519 664 3587 inscribenda
691 3526 748 3605 sit;
777 3522 890 3613 quibus
912 3521 1138 3612 conglutinatis
1160 3520 1272 3589 lectio-

124 3628 230 3709 nibus,
259 3623 350 3691 lacile
371 3623 482 3713 refingi
503 3620 636 3689 Δοὺλωυ
657 3629 822 3715 potuisset.
867 3629 934 3694 Sed
962 3622 1077 3695 Δόλων
1098 3629 1273 3716 genuinum

126 3758 197 3800 esse
220 3731 346 3805 titulum
357 3731 541 3799 blururrxrus
562 3731 595 3796 in
616 3729 686 3797 hist.
701 3733 768 3798 crit.
781 3755 812 3821 p.
825 3733 889 3798 363
905 3728 986 3799 satis
1000 3734 1102 3801 evicit.
1147 3734 1272 3802 Tamen

124 3849 319 3862 *-

159 3899 181 3964 ⁵)
199 3894 213 3951 ὁ
231 3893 376 3956 Μουσικός
397 3895 474 3948 audit
496 3897 575 3949 etiam
597 3897 668 3965 apud
693 3897 838 3949 Stobaeuur
862 3897 1038 3964 Appenle.
1056 3915 1083 3966 p.
1101 3899 1144 3953 42.
1188 3896 1274 3952 φιλό-

195 3983 297 4044 ξενοςὸ
312 3979 457 4042 Μουσικός
469 3982 628 4054 ἐρωτηθείς·
646 3986 674 4035 τί
685 3984 792 4054 μᾶλλον
805 3987 933 4052 συνεργεῖ
946 3982 1058 4052 παιδείᾳ
1073 3982 1145 4037 εἶπε·
1160 3981 1271 4057 χρόνος.

155 4090 176 4158 ⁶)
194 4092 235 4143 De
255 4090 420 4155 nominibus,
443 4090 522 4156 quale
541 4082 657 4141 Δούλων
679 4092 736 4154 est,
759 4086 794 4140 cf.
812 4090 934 4140 bornen.
953 4088 1036 4156 Soph.
1054 4089 1096 4142 ni.
1115 4107 1142 4156 p.
1157 4091 1217 4147 167.
1237 4123 1271 4131 -

193 4191 365 4231 annotamus
383 4178 436 4244 ρ]
455 4175 547 4230 nescio
562 4192 611 4230 cur
628 4179 739 4229 annotet
748 4170 883 4229 Δούλωνα
902 4175 993 4227 urbem
1013 4175 1112 4242 Libyae
1130 4177 1224 4232 luisse.
1238 4207 1271 4220 -

192 4280 311 4318 urruns.
328 4264 436 4317 verbum
455 4263 490 4315 ad
507 4261 611 4317 fabulas
630 4262 724 4318 comio.
742 4262 836 4317 ineest.
854 4261 948 4317 retulit
965 4279 991 4332 p.
1000 4265 1062 4318 635.
1081 4266 1194 4320 VollV.
