2798 4672
179 270 255 345 212

179 455 337 531 Oeneum,
360 447 446 538 quod
468 443 639 512 Althaeam
669 464 809 511 uxomm
836 464 930 509 suam
955 464 973 508 a
995 440 1143 533 Dionyso
1175 445 1347 537 comprimi

177 582 294 651 passus
329 563 429 636 esset,
462 551 672 618 abstinentiae
706 572 784 617 suae
817 550 1002 618 mercedem
1033 571 1052 615 a
1083 548 1156 616 deo¹
1177 549 1348 640 palmitem

180 664 360 754 accepisse3
391 657 513 749 absque
543 657 628 724 dono
657 654 720 723 hoc
742 665 856 746 postea
882 657 985 723 Oenei
1012 677 1132 723 nomen
1167 658 1347 748 accepisse.

178 769 314 839 Althaea
343 775 452 833 autem
481 785 500 829 a
523 761 653 830 Baccho
675 761 830 829 Deianira
858 771 1031 853 concepta,
1059 764 1178 830 iterum
1199 786 1220 830 a
1240 764 1347 832 Marte

178 885 323 967 stuprata
343 871 543 960 Meleagrum
564 878 659 960 partu
682 869 819 936 edidisse
840 871 988 951 traditur3
1011 867 1130 958 Hygia.
1148 867 1184 934 F.
1200 867 1349 938 CLXXI

179 980 345 1068 (Welcker
364 977 509 1046 Naetrr.
532 999 562 1065 p.
585 977 670 1060 299).
724 975 835 1065 Itaque
871 977 993 1043 iactum
1026 978 1090 1057 est',
1127 984 1164 1041 ut
1190 974 1349 1068 Meleagri

179 1111 309 1181 quoque
330 1086 475 1151 interitus
491 1082 676 1150 Cleomenis
691 1080 831 1171 Rhegini
846 1082 1046 1171 dithyrambo
1068 1102 1189 1148 nomen
1211 1080 1348 1149 dederit.

179 1195 270 1279 Quin
303 1189 459 1278 Meleagri
491 1211 579 1255 mors
612 1187 781 1254 artificiose
816 1212 946 1280 quoque
980 1209 1134 1279 expressa
1164 1187 1198 1254 in
1224 1186 1350 1255 Bacchi

178 1299 312 1365 iacentis
333 1296 402 1362 basi
417 1296 612 1385 conspicitur
622 1295 655 1360 in
666 1293 753 1363 Villa
764 1293 993 1384 Borghesiana.
1005 1333 1048 1343 —
1063 1293 1225 1383 Endymio
1240 1295 1350 1376 etiam,

179 1409 271 1497 cujus
286 1403 419 1471 Naxum
440 1400 585 1468 nonnulli
607 1400 707 1468 filium
729 1425 801 1467 esse
819 1403 935 1482 lerunt,
957 1400 998 1467 ad
1009 1399 1208 1468 Bacchicum
1223 1399 1349 1468 fabulla-

179 1533 253 1578 rum
273 1508 403 1598 cyclum
433 1509 588 1597 pertinet,
616 1517 653 1573 ut
678 1505 836 1596 Licymnii
863 1531 912 1598 ap.
936 1506 1050 1574 Athen.
1073 1504 1156 1592 xllt,
1177 1529 1208 1597 p.
1232 1507 1300 1574 560
1321 1528 1349 1574 c.

179 1639 295 1684 versus
317 1613 405 1680 haud
426 1613 522 1680 dubie
544 1637 563 1678 e
585 1613 786 1702 dithyrambo
809 1613 980 1703 desumpta
1002 1615 1082 1680 sint:

244 1712 347 1796 ὕπνος
378 1717 414 1783 δὲ
433 1714 560 1807 χαίρων
581 1714 743 1805 ὀμμάτφν
769 1715 888 1804 αὐγαῖς
915 1716 1206 1806 ἀναπεπταμένοις
1230 1713 1349 1797 ὄσσοις

737 1823 895 1912 ἐκοίμιζεν
915 1824 1025 1914 κόρας.

180 1930 300 2000 -De
331 1933 456 2000 Somno
490 1953 619 2024 quoque
652 1935 685 1999 in
721 1931 843 2001 Bacchi
882 1935 1071 2001 comitatum
1105 1941 1238 2023 recepto
1273 1930 1366 2023 lege,

176 2039 340 2130 ‘Lessingii
360 2037 512 2105 libellum.
556 2039 663 2120 „We
678 2041 730 2106 dic
751 2040 854 2107 Attea
876 2042 939 2108 den
960 2041 1035 2108 Tod
1045 2040 1223 2128 pedildct.”
1251 2037 1348 2106 Tom.

180 2147 223 2229 V,
236 2169 268 2238 p.
280 2146 353 2212 308.
396 2143 570 2211 Praeterea
589 2144 720 2212 Achillis
742 2147 874 2213 nomine
894 2144 1039 2214 Prainla
1059 2146 1223 2237 inscripsit
1243 2143 1348 2235 dithy-

180 2253 330 2322 rambum
358 2260 440 2318 teste
467 2249 643 2341 Hephaest
671 2250 712 2319 de
733 2251 825 2320 Metr.
844 2275 875 2344 p.
898 2254 942 2318 22
964 2251 1064 2320 Gaisl.
1096 2275 1160 2343 quo
1186 2274 1255 2321 non
1282 2261 1350 2320 tam

182 2367 321 2426 mortem
338 2353 480 2438 Achillis,
503 2379 600 2447 quam
622 2356 821 2448 sepulturam
842 2361 875 2426 in
898 2368 1021 2427 cratere
1037 2357 1200 2427 Bacchico
1218 2374 1349 2425 enme-

182 2475 250 2532 tam
286 2463 385 2530 luisse
416 2464 572 2553 suspicor.
627 2463 791 2530 Diseimus
823 2467 910 2533 enim
939 2490 958 2533 e
989 2463 1096 2532 Schol.
1127 2465 1168 2531 ad
1194 2460 1348 2531 Hom-Il

182 2566 301 2650 XXIII,
321 2569 363 2632 92
391 2566 590 2656 Dionysum,
619 2570 674 2658 qui
695 2569 880 2638 Vulcanum
906 2574 939 2639 in
962 2569 1067 2639 insula
1088 2568 1184 2638 Naxo
1206 2568 1349 2662 hospitio

185 2674 381 2764 excepisset,
412 2672 453 2740 ab
476 2695 516 2740 eo
544 2682 668 2740 cratere
689 2697 788 2743 aureo
811 2676 983 2761 donatum,
1007 2684 1180 2769 postquam
1206 2672 1351 2766 Lycmgi

185 2779 320 2850 Thracis
346 2780 450 2847 minas
472 2780 598 2870 fugiens
621 2781 707 2871 apud
730 2780 900 2850 Thetidem
920 2783 1084 2866 latuisset,
1113 2781 1254 2850 eundem
1275 2779 1350 2848 huic

183 2887 271 2956 dono
293 2887 435 2968 dedisse,
465 2884 637 2953 Thetidem
667 2896 776 2954 autem
804 2888 891 2956 hunc
917 2891 1025 2980 ipsum
1046 2887 1164 2957 Achilli
1183 2884 1249 2954 lilio
1278 2908 1350 2955 ces·

184 2996 275 3076 sisse,
297 3016 397 3084 quare
417 3001 531 3083 postea
545 2991 640 3084 hujus
658 2994 782 3062 cineres
797 2995 830 3061 in
847 2995 963 3062 eodem
978 2995 1099 3062 conditi
1112 2994 1185 3061 sint.
1227 2992 1351 3061 Auctor

184 3098 280 3192 hujus
301 3097 429 3167 fabulae
447 3095 651 3166 Stesichorus
673 3099 821 3166 traditur:
842 3097 1025 3183 „Atdvvooc
1039 3097 1237 3190 Ἥφαιστον
1256 3092 1351 3183 γενό-

185 3226 286 3292 μενον
307 3204 343 3270 ἐν
363 3199 468 3293 Νάξῳ
487 3202 552 3293 μιᾷ
574 3202 641 3269 τῶν
656 3201 843 3274 Κυκλάδων
864 3204 995 3288 ξενίσας
1016 3205 1116 3291 ἔλαβε
1136 3200 1231 3295 παρ’*Ι
1244 3200 1352 3271 αὐτοῦ

186 3311 295 3400 δῶρον
312 3311 454 3399 χρυσέαν
474 3306 641 3398 ἀμφορέα.
685 3311 843 3398 διωχθεὶς
865 3313 901 3378 dl
918 3307 1057 3403 ὕστερον
1075 3310 1142 3379 ὑπὸ
1155 3307 1352 3401 Λυκούργου

186 3419 243 3482 καὶ
264 3415 468 3505 καταφαγών
493 3410 540 3494 εἰς
560 3415 749 3484 θάλασσαν
775 3417 986 3507 φιλοφρόνως
1015 3417 1120 3486 αὐτὸν
1146 3416 1352 3505 ὑποδοξσμὲ·

186 3543 246 3604 νης
266 3521 403 3601 Θέτιδος
429 3521 550 3590 ἔδωκεν
571 3519 658 3616 αὐτῇ
679 3523 738 3592 τὸν
760 3521 1044 3613 ἡφαιστότευκτον
1064 3525 1236 3614 ἀμφορέα,
1265 3520 1288 3605 ἡ
1311 3523 1353 3589 dl

187 3629 239 3721 τῷ
270 3630 388 3695 παιδὶ
416 3629 653 3718 ἐχαρίσατο,
686 3624 791 3710 ὅπως
819 3633 919 3719 μετὰ
951 3630 1144 3701 θάνατον
1173 3632 1216 3697 ἐν
1243 3625 1354 3719 αὐτῷ

186 3733 312 3804 αὐτοῦ
341 3734 534 3816 donesdei
561 3734 608 3800 τὰ
630 3733 715 3813 ὀςᾶ.
756 3735 892 3829 Ἱστορεῖ
916 3738 1132 3828 Στησίχορος.
1164 3736 1295 3823 (ΚΙοίοο
1315 3736 1352 3803 fr.

184 3845 249 3930 25.)
293 3842 371 3912 Inde
398 3842 506 3910 lucem
537 3841 668 3911 habebit
696 3844 858 3938 Lycophr.
888 3847 1060 3916 Cassandr.
1091 3870 1122 3913 v.
1144 3843 1210 3911 273
1231 3844 1354 3928 (sermo

42 3927 47 3937 ’
187 3959 238 4018 est
259 3949 300 4018 de
321 3947 474 4036 Achille):

390 4055 553 4147 Κρατῆρα
574 4052 710 4142 Βάκχου
736 4054 871 4130 diescat
899 4060 1148 4148 κικλαοσμένος.

54 4184 60 4193 ’
126 4253 138 4267 „
185 4158 601 4254 etSch01.h.1.Heynii
632 4165 789 4234 Observv.
817 4176 859 4237 ad
885 4166 982 4236 Hom.
1005 4167 1099 4237 Tom.
1122 4162 1205 4249 VIII,
1224 4186 1258 4255 p.
1280 4162 1358 4245 376,

187 4267 242 4358 qui
270 4267 463 4357 scriptorum
491 4270 623 4362 insuper
653 4269 715 4340 hac
741 4273 774 4339 in
806 4294 842 4339 re
870 4270 1120 4366 discrepantiam
1151 4269 1359 4351 monstravit,
