2798 4672
1240 224 1289 298 65

128 423 191 495 qno
215 404 279 477 lrui
298 402 339 470 ad
362 393 587 494 expellandam
609 404 733 477 lamam,
748 414 897 495 possent,
926 407 1290 500 procrearet„undique

127 511 433 600 circumspexissem
455 504 618 600 extemplo
639 508 833 607 Polyphemi
854 512 931 585 visis
954 515 1121 597 armentis,
1151 514 1289 589 ,ιιιιοιιι-Ι

124 642 202 694 sum
219 619 253 685 in
275 626 406 684 antrum
424 615 466 685 ad
486 615 673 694 mactandas
695 640 774 685 oves
797 627 920 706 parant.
971 619 1103 687 Etenim·
1125 622 1159 689 iu
1188 626 1288 695 antris

125 722 342 814 cogitandum
354 721 496 821 Ulyxeur
515 745 587 791 esse
609 723 804 813 fragmentis
818 722 864 793 Vl
886 735 919 791 et
939 724 999 793 Vll
1018 726 1203 799 evincitur...
1211 731 1289 801 Ubi

126 829 203 927 dum
221 838 464 925 commorantur
478 827 710 919 Polyphemus
718 829 845 895 videtur
867 829 1070 928 cantilenam
1082 854 1179 901 suam
1196 859 1287 905 amos

125 937 190 1003 ris
179 915 416 1024 desideriique
448 933 587 1023 plenam
607 935 796 1035 auspicatus
826 958 915 1018 esse,
940 922 1132 1026 increpante
1156 940 1288 1019 cithara
1382 936 1388 941 ’

124 1040 293 1108 ridiculum
317 1040 398 1108 illud
426 1037 647 1127 θρεττανελὸ,
673 1037 886 1126 θριττανελό.
934 1043 1041 1132 Atque
1061 1048 1225 1115 cantus
1208 1071 1287 1137 rpse

125 1171 169 1214 ex
191 1169 254 1266 quo
276 1169 395 1266 genere
417 1147 522 1229 fuerit,
543 1147 662 1268 optime
685 1147 898 1223 Theocriti
868 1171 901 1215 nr
923 1147 1016 1216 fallor
1038 1148 1166 1217 docebit
1182 1150 1286 1221 ·-Gala

125 1262 179 1324 tea
184 1303 194 1334 ,
222 1253 371 1320 nimirum
386 1252 504 1327 ¹laudes
519 1280 521 1283 ·
534 1256 686 1321 amasiae·
702 1256 929 1344 ineptissimae-
947 1254 1168 1344 pulcritudinis
1189 1282 1285 1349 prae-

125 1357 299 1440 dicationes
321 1361 749 1451 rusticae„comparatiorres
771 1360 911 1452 denique¹
931 1385 1040 1431 rerum
1061 1360 1285 1437 dissimillima„

123 1488 207 1533 rum·
221 1464 317 1556 plane
344 1466 512 1550 ridiculae3
542 1467 650 1534 omnia
672 1476 780 1534 tamen
808 1466 975 1558 flagrantia
1001 1468 1128 1559 ignibus
1154 1473 1285 1556 amoris,

123 1571 287 1651 autleuto
308 1575 461 1641 torrentia
483 1595 522 1640 ac
543 1575 775 1653 marcescentia
802 1573 980 1655 desiderio,
1014 1575 1053 1640 cl.
1077 1577 1112 1641 fr.
1135 1574 1156 1657 l,
1177 1575 1214 1665 ll,
1233 1578 1286 1667 Ill.-

122 1679 239 1769 Neque
258 1681 324 1769 ipsi
340 1689 478 1771 quantae
492 1680 562 1758 ,sint
586 1682 623 1758 ¹in
645 1683 743 1755 antris
771 1683 934 1771 pratisque
963 1691 1132 1769 pascentes
1155 1699 1284 1755 armena

122 1795 229 1854 torum
256 1808 475 1876 pecorumque
503 1809 649 1875 greges,
670 1795 789 1875 quanta
820 1784 928 1866 lactis,
962 1787 1112 1877 caseique
1141 1790 1285 1876 ubertas,¹

123 1891 250 1967 oblitus„
271 1917 359 1959 esse
376 1891 504 1970 videtur
532 1914 802 1971 commemorare,
818 1950 821 1954 .
835 1891 901 1956 imo
938 1891 1051 1979 fragm.
1083 1891 1137 1974 lV,
1172 1898 1285 1986 capelr.

120 1997 170 2065 las
205 1995 388 2088 agnosque,
412 1995 598 2085 alloquitur,
633 2004 669 2059 ut
706 1994 808 2072 laetas
840 2016 940 2061 voces
980 1997 1138 2077 emittant,
1177 2000 1284 2068 domi.

118 2106 286 2194 niquetet
320 2101 479 2189 promissa
513 2098 711 2180 conlinnent,
742 2109 775 2169 et
808 2100 870 2188 ipsi
901 2099 1059 2183 desiderio
1089 2101 1282 2191 impleantur

118 2218 245 2281 mutuo.
289 2205 414 2292 Quibus
443 2204 753 2284 ammoneremus,
783 2203 839 2270 ubi·
863 2203 940 2272 nihil
965 2206 1089 2272 moveri
1111 2206 1280 2281 Galateam

117 2313 254 2395 videret,
274 2350 317 2361 —
338 2334 380 2378 ne
400 2321 495 2400 putes
518 2333 627 2388 amore
648 2311 755 2400 ipsum
772 2311 922 2398 periisse,
949 2320 1010 2379 aut
1030 2335 1073 2378 ex
1093 2315 1225 2405 rupibus
1245 2321 1278 2389 in

118 2443 267 2494 maresc
296 2417 423 2485 dedisse
443 2417 652 2507 praecipitem
683 2416 845 2506 quomodo
864 2415 1025 2507 Alpheum
1047 2421 1219 2509 quondam-
1232 2427 1279 2493 le.

120 2514 204 2597 cisse
227 2527 311 2592 larua
333 2524 535 2615 perduravit,
553 2560 600 2601 ,-,-
620 2523 679 2589 sed
702 2521 859 2612 delphinis
881 2524 1027 2613 imperat,
1054 2526 1197 2602 utbuue
1218 2554 1282 2622 po.

120 2636 183 2701 tius
213 2633 253 2699 ad
281 2630 451 2699 Galateam
476 2630 629 2708 nuncium
656 2630 865 2707 allemntain
896 2629 1062 2697 Musarum
1093 2635 1171 2705 sibi.
1186 2637 1278 2705 donis

120 2739 271 2813 desiderii
290 2737 501 2813 subnaturum
523 2757 595 2801 esse
616 2734 809 2816 remedium,
823 2808 826 2813 ,
838 2736 1054 2825 tristiciaeque
1081 2739 1188 2813 edacis
1206 2764 1278 2811 mc.

119 2847 267 2919 dicinam.
312 2842 403 2910 Haec
424 2841 479 2908 ubi
501 2838 585 2908 dicta
606 2841 703 2924 dedit,-
725 2840 767 2907 ad
789 2850 879 2907 antra
901 2840 1038 2913 reditum
1051 2865 1285 2931 parona-cons,

120 2952 214 3041 spicit
223 2949 366 3040 Ulyxem
381 2970 456 3014 cum
476 2947 582 3028 sociis,
603 2956 700 3037 atque
718 2946 890 3015 uelandam
904 2955 1124 3020 armentorum
1145 2959 1286 3021 caedem

119 3058 258 3138 ulturus,
277 3055 487 3146 expavefacto
509 3051 600 3127 heroi
622 3053 670 3138 (ιι.
682 3051 933 3137 Ἧιιιιιιιιιιιιιιιι
947 3051 1086 3119 minatur
1099 3054 1285 3151 interitum:

118 3165 266 3243 Necasti‚
299 3163 357 3242 ait,
387 3159 461 3226 ideo
488 3181 570 3226 nece
594 3180 739 3248 poenas.
754 3156 843 3225 dabis
872 3155 962 3242 (Vll).
1014 3159 1139 3227 Verum
1169 3169 1279 3234 tamen

116 3270 317 3338 Ithacensem
330 3263 461 3355 Sisyphi
481 3263 615 3352 prolem,
636 3287 679 3341 nc
698 3285 791 3341 nunc.
810 3263 939 3351 quidem
951 3264 1042 3353 ,fugit
1062 3265 1157 3333 insita
1181 3277 1279 3359 atque

116 3378 226 3443 innata
252 3373 373 3467 ingenii
401 3368 570 3450 calliditas,
607 3367 666 3449 sed
699 3376 865 3433 crescente
898 3368 1031 3457 periculi
1058 3373 1284 3465 magnitudine

118 3491 262 3549 veterem
276 3485 446 3567 recuperat
461 3475 595 3541 astutiae
613 3473 845 3554 dexteritatem,
860 3483 1074 3564 promptoque
1089 3479 1163 3561 nini,
1182 3504 1279 3570 quem

118 3583 244 3650 Maroni
273 3592 442 3674 acceptum
474 3579 594 3661 retulit,
607 3662 612 3667 .
625 3587 695 3645 utre
722 3578 832 3646 laudat
857 3589 954 3671 potus
975 3586 1216 3675 praestantiam,
1247 3596 1280 3652 et

118 3688 256 3781 Cyclopi
284 3690 325 3756 ad
353 3686 525 3756 bibendum
552 3686 686 3778 porrigit
712 3680 933 3785 poculumlr.
956 3682 1036 3769 Vlll,
1056 3684 1116 3770 IX,
1140 3676 1279 3778 eumque

117 3805 195 3885 post
212 3795 421 3863 immodicum
441 3792 698 3880 bibacioremque
724 3789 875 3873 haustum
907 3791 971 3859 alto
999 3816 1114 3859 somno
1144 3793 1279 3860 obstric-

118 3912 198 3984 tum,
218 3901 460 3968 immani-trabe
481 3899 514 3964 in
537 3895 667 3963 oculum
687 3899 826 3979 incussa,
854 3907 1017 3965 excaecat.
1063 3895 1174 3986 ltaque
1195 3897 1280 3967 hanc

120 4003 187 4091 lere
220 4032 263 4075 ex
295 4017 361 4073 tarn
394 4007 505 4096 paucis
528 4001 679 4094 reliquiis
714 4003 755 4070 dc
787 4026 875 4069 nexu
905 4012 937 4068 et
964 4011 1152 4092 argumento
1182 4008 1280 4073 totius

120 4115 270 4182 carminis
293 4114 414 4180 lacere
422 4113 640 4205 conjecturam
661 4122 849 4200 possumus,
880 4105 965 4197 quod
988 4115 1143 4196 quantum
1163 4121 1280 4207 poetae

121 4221 327 4288 occasionem
349 4217 471 4285 dederit
499 4225 531 4301 et
545 4214 728 4308 poeticae
734 4222 766 4278 et
791 4211 972 4307 saltatoriae
1001 4205 1076 4278 artis
1104 4198 1280 4295 doctrinam

1059 4319 1081 4380 5
