2798 4672
175 253 249 327 178

172 458 245 503 war
270 436 314 501 im
340 432 477 520 Tempel
504 431 591 497 stete
621 431 695 497 dora
719 422 829 498 Grada
856 418 915 499 des
935 433 1104 523 Dionysos
1125 435 1187 501 der
1209 433 1335 520 apolli·

74 550 79 557 '
171 540 285 611 seleche
304 538 471 628 Dreifoss
492 535 743 626 aasfqerichtct3
766 539 918 607 desseldc
940 540 1074 629 Symbol
1094 540 1235 609 welches
1257 562 1336 607 vom

172 647 380 734 Heiliythum
411 648 470 711 des
490 643 691 732 Ppthlsohen
716 643 836 711 Gottcs
863 648 915 713 dle
938 647 1062 715 Orclsel
1082 648 1223 734 Apollas
1250 647 1334 715 tter

175 752 419 821 Griechcnland
438 751 656 829 verhreitete,
688 773 761 817 war
791 753 1091 839 urspriioqlich
1121 755 1207 821 dem
1226 753 1334 823 Dio-¹

172 881 294 946 nysae
313 860 546 944 yewldmct,
568 858 649 923 osred
666 857 705 923 in
721 859 942 925 ottiaohem
962 858 1180 927 Gedrauch·
1197 859 1335 947 ditty-

171 964 423 1033 romba'scber
454 961 597 1049 Sptele
635 962 696 1028 dis
737 949 789 1030 io
816 967 1010 1055 spdtcste
1047 966 1141 1032 Zeit
1177 967 1336 1033 diesem

173 1071 297 1139 Gotte
326 1070 616 1155 z·u9eetpset.·’
636 1105 681 1115 -
701 1068 796 1152 Quae
829 1071 856 1137 si
887 1094 967 1137 vera
997 1070 1159 1160 disputata
1187 1081 1265 1139 sunt
1289 1106 1335 1121 --·

171 1199 211 1245 ac
231 1185 307 1243 sunt
327 1174 503 1254 verissima,
523 1210 566 1223 -
588 1173 687 1239 facilis
708 1174 783 1241 hinc
805 1176 845 1243 de
866 1179 969 1265 patria
990 1175 1183 1265 dithyrambi
1201 1178 1334 1268 conjec-

171 1292 260 1362 tura3
292 1281 362 1370 quis
385 1281 470 1347 enim
492 1278 658 1368 Dionysus
679 1281 740 1346 iste
762 1292 970 1369 regeneratus
993 1283 1163 1371 denuoque
1190 1304 1334 1372 progna·

167 1398 219 1457 tus
243 1397 292 1453 est
313 1388 374 1455 nisi
395 1385 534 1476 Magnae
551 1384 706 1451 Graeciae
720 1385 869 1453 Bacchus
887 1387 1008 1455 Solaris
1031 1386 1334 1477 autDelphicorum

168 1491 284 1583 Apollo
308 1491 500 1573 Chthonius,
530 1493 585 1581 qui
609 1491 764 1557 redeunte
785 1516 877 1574 vere,
908 1495 1015 1560 vernis
1042 1494 1187 1561 invocari
1207 1492 1335 1561 solebat

169 1597 393 1686 dithyrambis3
427 1597 514 1686 quod
536 1598 628 1685 primi
649 1597 799 1663 viderunt
819 1598 989 1688 Dissenius
1011 1598 1141 1665 Pindar.
1161 1622 1194 1690 p.
1211 1602 1276 1667 616
1299 1611 1334 1669 et

72 1702 75 1707 ’
169 1702 436 1771 Schneidewinus
457 1703 492 1769 fr.
508 1701 605 1768 CXX
624 1707 664 1792 (p.
681 1705 753 1788 119)
776 1703 965 1786 Simonidis,
996 1707 1049 1795 qui
1076 1703 1125 1772 his
1156 1705 1331 1797 ahquando

168 1808 273 1876 verbis
296 1808 393 1874 deum
413 1809 510 1873 istum
533 1807 713 1875 celebrasse
734 1809 874 1876 videtur:
905 1807 1001 1876 Aeir’
1022 1807 1159 1891 stridores
1176 1808 1331 1899 χλωραύ-

165 1936 255 2002 paese
277 1908 501 1981 πολυκώτυλοι
521 1914 663 2000 luperci.
684 1914 791 2004 Etynn
806 1915 848 1982 Μ.
864 1938 894 2005 p.
908 1917 981 1998 813,
994 1919 1023 1984 8.
1056 1914 1196 2008 ’'Appels
1222 1915 1330 1985 mord

168 2020 266 2110 ἔαρος
292 2018 467 2108 ἀδυόδμου
498 2019 632 2107 Kveneoi
652 2023 784 2108 χελιδοῖ.
811 2021 920 2089 Schol.
936 2023 1030 2091 An'st
1046 2026 1128 2092 Avv.
1147 2026 1238 2093 1410.
1276 2027 1331 2093 'At

168 2129 208 2196 de
230 2152 404 2196 vernorum
426 2129 699 2219 dithyramborum
722 2130 917 2218 argumentis
944 2152 1031 2197 nunc
1053 2129 1131 2197 nihil
1153 2131 1237 2199 addo
1260 2154 1331 2197 am·

168 2233 260 2324 plius,
288 2235 464 2324 dequibus
487 2235 688 2325 insequenti
711 2238 816 2325 capite
838 2234 981 2325 pluribus
1004 2236 1180 2303 disserendi
1201 2238 1329 2305 futurus

166 2339 330 2408 lacessit.
545 2420 549 2425 ⁵

251 2447 284 2531 5)
307 2446 453 2515 Transeo
474 2449 570 2538 igitur
591 2447 633 2515 ad
661 2447 818 2513 musicam
847 2446 1046 2536 dithyrambo
1075 2449 1223 2515 occinere
1251 2448 1330 2517 soli·

166 2563 242 2634 tam,
263 2574 448 2642 novamque
468 2555 544 2622 inde
565 2575 623 2643 pro
647 2552 864 2621 confirmanda
894 2554 1053 2619 sententia
1073 2576 1147 2619 mea
1166 2553 1330 2623 rationem

166 2657 333 2725 deducam.
376 2657 504 2727 Etenim
528 2662 582 2750 qui
603 2659 778 2749 Phrygiam
800 2657 999 2747 dithyrambo
1026 2668 1140 2750 putant
1169 2659 1328 2749 originem

167 2765 308 2846 dedisse,
335 2765 489 2854 imprimis
518 2767 628 2833 tibiam
649 2768 682 2833 in
702 2776 809 2856 partes
832 2773 1006 2845 vocarunt,
1037 2788 1135 2855 quam
1156 2763 1232 2831 huic
1254 2788 1327 2833 car·

164 2872 288 2937 minum
316 2873 426 2960 generi
453 2875 615 2963 propriam
643 2873 742 2939 fuisse
770 2895 948 2939 consensus
978 2871 1169 2961 scriptorum
1197 2870 1325 2939 doceat

165 2978 290 3045 Tamen
312 2977 352 3044 ab
373 2980 460 3045 initio
485 2979 653 3061 citharam,
685 2980 821 3069 fortasse
842 2979 977 3043 mixtam
1003 2975 1099 3043 tibiae
1120 2975 1325 3066 dithyrambo

164 3085 348 3151 assonuisse
364 3087 472 3175 utique
491 3108 681 3174 persuasum
696 3083 810 3149 habeo.
855 3082 999 3149 Primum
1016 3082 1103 3149 enim
1116 3084 1204 3165 Ario,
1225 3106 1325 3173 quem

162 3192 324 3257 invenisse
346 3200 402 3257 aut
432 3200 518 3257 certe
544 3187 743 3259 transtulisse
768 3187 832 3255 hoc
863 3210 993 3254 carmen
1021 3190 1175 3277 suspicati
1200 3212 1325 3271 sumus,

164 3295 370 3365 citharizandi
400 3306 468 3363 arte
490 3321 549 3386 per
574 3306 675 3363 totam
706 3295 926 3384 antiquitatem
951 3293 1113 3361 ferebatur
1138 3294 1323 3363 nobilitatus

164 3402 231 3487 (cfr.
253 3401 329 3469 Hdt
345 3402 367 3484 I,
382 3403 448 3488 23),
470 3405 523 3471 cui
545 3402 689 3470 Crexum
711 3401 851 3492 adjunge
872 3409 1015 3467 veterem
1038 3398 1321 3495 dithyrambopoe-

161 3517 238 3588 tam,
270 3509 323 3574 cui
344 3509 474 3598 abipsa
495 3509 574 3577 fides
596 3507 745 3598 pulsandi
767 3507 958 3573 dexteritate
979 3506 1109 3596 egregia
1129 3527 1249 3571 nomen
1271 3506 1322 3573 in·

161 3613 262 3681 ditum
294 3638 366 3683 esse
398 3639 464 3683 non
502 3617 694 3683 inconcinna
727 3623 777 3680 est
807 3612 934 3680 Buretti
964 3613 1120 3701 suspicio,
1152 3610 1269 3679 deinde
1301 3636 1323 3679 a

162 3718 427 3791 Thorwaldsenio
457 3719 582 3789 vasculi
611 3721 826 3809 fragmentum
855 3717 1079 3786 asservabatur
1105 3718 1138 3783 in
1161 3740 1225 3808 quo
1247 3717 1322 3785 bar·

159 3825 252 3899 batus
271 3827 385 3918 ahquis
405 3826 551 3917 depictus
573 3824 717 3906 Silenus,
743 3824 864 3891 hedera
885 3833 1072 3905 coronatus,
1099 3846 1199 3891 manu
1218 3822 1321 3891 citha·

158 3955 228 4001 ram
238 3934 360 4026 pulsat3
381 3934 601 4036 inscriptione:
624 3928 1004 4012 AlerPAMooc⁸⁸t
1027 3930 1066 3997 cf.
1086 3930 1172 3997 Jahn
1194 3930 1321 3999 Voren-

159 4088 359 4101 —

194 4181 232 4249 ⁸⁸)
249 4183 290 4235 Ad
309 4199 368 4235 voe.
391 4178 571 4254 datdpepcpoe
587 4181 740 4234 Welekerus
757 4181 777 4232 1.
795 4196 819 4232 e.
837 4196 865 4247 p.
878 4179 932 4233 400
949 4183 1101 4248 comparat:
1124 4182 1211 4252 epte,
1233 4183 1320 4253 aptet-

225 4284 292 4338 μος,
319 4272 469 4339 θρίαμβος,
496 4269 656 4338 triumphus.
691 4268 848 4335 Eodemque
872 4267 952 4321 modo
975 4265 1015 4321 ait
1038 4268 1165 4323 formari:
1191 4266 1318 4337 δίθυρος,
