<?xml version="1.0" encoding="UTF-8"?>
<!DOCTYPE html PUBLIC "-//W3C//DTD XHTML 1.0 Transitional//EN"
    "http://www.w3.org/TR/xhtml1/DTD/xhtml1-transitional.dtd">
<html xmlns="http://www.w3.org/1999/xhtml" xml:lang="en" lang="en">
 <head>
  <title>
</title>
<meta http-equiv="Content-Type" content="text/html;charset=utf-8" />
  <meta name='ocr-system' content='tesseract 3.04.00' />
  <meta name='ocr-capabilities' content='ocr_page ocr_carea ocr_par ocr_line ocrx_word'/>
</head>
<body>
  <div class='ocr_page' id='page_1' title='image "./diatribeindithy00schmgoog_0217.png"; bbox 0 0 2798 4672; ppageno 0'>
   <div class='ocr_carea' id='block_1_1' title="bbox 1166 264 1242 341">
    <p class='ocr_par' dir='ltr' id='par_1_1' title="bbox 1166 264 1242 341">
     <span class='ocr_line' id='line_1_1' title="bbox 1166 264 1242 341; baseline -0.013 0"><span class='ocrx_word' id='word_1_1' title='bbox 1166 264 1242 341; x_wconf 76' lang='lat' dir='ltr'>aot</span> 
     </span>
    </p>
   </div>
   <div class='ocr_carea' id='block_1_2' title="bbox 83 443 1340 534">
    <p class='ocr_par' dir='ltr' id='par_1_2' title="bbox 83 443 1340 534">
     <span class='ocr_line' id='line_1_2' title="bbox 83 443 1340 534; baseline 0 -19"><span class='ocrx_word' id='word_1_2' title='bbox 83 443 309 526; x_wconf 78' lang='grc' dir='ltr'><strong><em>κισσόαληιιτα</em></strong></span> <span class='ocrx_word' id='word_1_3' title='bbox 336 443 437 529; x_wconf 65' lang='grc' dir='ltr'><strong><em>μέλεα</em></strong></span> <span class='ocrx_word' id='word_1_4' title='bbox 463 451 628 510; x_wconf 82' lang='lat' dir='ltr'>vocantur.</span> <span class='ocrx_word' id='word_1_5' title='bbox 673 443 839 532; x_wconf 74' lang='lat' dir='ltr'><strong>Dionysus</strong></span> <span class='ocrx_word' id='word_1_6' title='bbox 865 466 916 534; x_wconf 85' lang='lat' dir='ltr'>ap.</span> <span class='ocrx_word' id='word_1_7' title='bbox 939 445 1104 513; x_wconf 85' lang='lat' dir='ltr'>Pratinam</span> <span class='ocrx_word' id='word_1_8' title='bbox 1125 447 1242 516; x_wconf 82' lang='lat' dir='ltr'><strong>Athen.</strong></span> <span class='ocrx_word' id='word_1_9' title='bbox 1336 466 1340 475; x_wconf 89' lang='grc'><em>·</em></span> 
     </span>
    </p>
   </div>
   <div class='ocr_carea' id='block_1_3' title="bbox 71 546 1241 3610">
    <p class='ocr_par' dir='ltr' id='par_1_3' title="bbox 82 546 1240 956">
     <span class='ocr_line' id='line_1_3' title="bbox 82 546 1240 645; baseline 0.004 -27"><span class='ocrx_word' id='word_1_10' title='bbox 82 554 162 624; x_wconf 79' lang='lat' dir='ltr'>xlv</span> <span class='ocrx_word' id='word_1_11' title='bbox 162 606 172 637; x_wconf 90' lang='lat'>‚</span> <span class='ocrx_word' id='word_1_12' title='bbox 182 577 213 645; x_wconf 91' lang='lat' dir='ltr'>p.</span> <span class='ocrx_word' id='word_1_13' title='bbox 225 555 288 618; x_wconf 86' lang='grc'>677</span> <span class='ocrx_word' id='word_1_14' title='bbox 299 573 328 619; x_wconf 89' lang='lat' dir='ltr'>c.</span> <span class='ocrx_word' id='word_1_15' title='bbox 349 546 702 637; x_wconf 72' lang='grc' dir='ltr'>θριαμβοδιθύραμβε</span> <span class='ocrx_word' id='word_1_16' title='bbox 724 546 909 635; x_wconf 78' lang='grc' dir='ltr'><strong><em>κισσοχαῖτ’</em></strong></span> <span class='ocrx_word' id='word_1_17' title='bbox 932 547 1031 632; x_wconf 78' lang='grc' dir='ltr'><strong><em>ἄναξ,</em></strong></span> <span class='ocrx_word' id='word_1_18' title='bbox 1051 553 1240 643; x_wconf 86' lang='lat' dir='ltr'>appellatur.</span> 
     </span>
     <span class='ocr_line' id='line_1_4' title="bbox 84 656 996 746; baseline -0.003 -18"><span class='ocrx_word' id='word_1_19' title='bbox 84 659 210 746; x_wconf 87' lang='lat' dir='ltr'>Quibus</span> <span class='ocrx_word' id='word_1_20' title='bbox 232 658 312 725; x_wconf 85' lang='lat' dir='ltr'>locis</span> <span class='ocrx_word' id='word_1_21' title='bbox 335 657 409 725; x_wconf 89' lang='lat' dir='ltr'>addi</span> <span class='ocrx_word' id='word_1_22' title='bbox 428 665 546 746; x_wconf 85' lang='lat' dir='ltr'>potest,</span> <span class='ocrx_word' id='word_1_23' title='bbox 568 657 699 724; x_wconf 87' lang='lat' dir='ltr'>Pindari</span> <span class='ocrx_word' id='word_1_24' title='bbox 720 657 757 724; x_wconf 83' lang='lat' dir='ltr'>fr.</span> <span class='ocrx_word' id='word_1_25' title='bbox 781 658 842 723; x_wconf 84' lang='lat'>104</span> <span class='ocrx_word' id='word_1_26' title='bbox 862 656 996 746; x_wconf 71' lang='lat' dir='ltr'>Bergk:</span> 
     </span>
     <span class='ocr_line' id='line_1_5' title="bbox 274 759 1168 850; baseline -0.003 -21"><span class='ocrx_word' id='word_1_27' title='bbox 274 761 345 829; x_wconf 81' lang='grc' dir='ltr'><strong><em>ἕντι</em></strong></span> <span class='ocrx_word' id='word_1_28' title='bbox 366 759 399 826; x_wconf 80' lang='grc' dir='ltr'>δ’</span> <span class='ocrx_word' id='word_1_29' title='bbox 422 763 672 840; x_wconf 77' lang='grc' dir='ltr'><strong><em>ἐπαντέλλοντες</em></strong></span> <span class='ocrx_word' id='word_1_30' title='bbox 691 763 727 828; x_wconf 76' lang='grc' dir='ltr'>ἐκ</span> <span class='ocrx_word' id='word_1_31' title='bbox 748 763 865 829; x_wconf 78' lang='grc' dir='ltr'><strong><em>κισσοῦ</em></strong></span> <span class='ocrx_word' id='word_1_32' title='bbox 888 765 1056 850; x_wconf 75' lang='grc' dir='ltr'><strong><em>στέφανον</em></strong></span> <span class='ocrx_word' id='word_1_33' title='bbox 1163 814 1168 821; x_wconf 92' lang='grc'>.</span> 
     </span>
     <span class='ocr_line' id='line_1_6' title="bbox 274 865 1129 956; baseline 0.001 -23"><span class='ocrx_word' id='word_1_34' title='bbox 274 869 309 933; x_wconf 73' lang='grc' dir='ltr'>ἐκ</span> <span class='ocrx_word' id='word_1_35' title='bbox 330 865 555 956; x_wconf 71' lang='grc' dir='ltr'><strong><em>Διθυράμβου</em></strong></span> <span class='ocrx_word' id='word_1_36' title='bbox 575 871 765 956; x_wconf 68' lang='lat' dir='ltr'>peroptant.</span> <span class='ocrx_word' id='word_1_37' title='bbox 787 890 790 895; x_wconf 88' lang='grc'><em>·</em></span> <span class='ocrx_word' id='word_1_38' title='bbox 1127 870 1129 875; x_wconf 66' lang='grc'>’</span> 
     </span>
    </p>

    <p class='ocr_par' dir='ltr' id='par_1_4' title="bbox 73 973 1241 2127">
     <span class='ocr_line' id='line_1_7' title="bbox 80 973 1241 1065; baseline 0 -21"><span class='ocrx_word' id='word_1_39' title='bbox 80 977 136 1044; x_wconf 89' lang='lat' dir='ltr'>ubi</span> <span class='ocrx_word' id='word_1_40' title='bbox 150 974 308 1065; x_wconf 81' lang='lat' dir='ltr'>Bergkius</span> <span class='ocrx_word' id='word_1_41' title='bbox 323 986 357 1043; x_wconf 89' lang='lat' dir='ltr'>et</span> <span class='ocrx_word' id='word_1_42' title='bbox 370 975 575 1044; x_wconf 87' lang='lat' dir='ltr'>Hermannus</span> <span class='ocrx_word' id='word_1_43' title='bbox 597 974 823 1064; x_wconf 73' lang='grc' dir='ltr'><strong><em>Διδοράμβον</em></strong></span> <span class='ocrx_word' id='word_1_44' title='bbox 842 975 1047 1044; x_wconf 86' lang='lat' dir='ltr'>Schneidew.</span> <span class='ocrx_word' id='word_1_45' title='bbox 1071 973 1241 1044; x_wconf 78' lang='grc' dir='ltr'><strong><em>Διονύσον</em></strong></span> 
     </span>
     <span class='ocr_line' id='line_1_8' title="bbox 81 1082 1241 1173; baseline -0.001 -23"><span class='ocrx_word' id='word_1_46' title='bbox 81 1086 304 1173; x_wconf 84' lang='lat' dir='ltr'>conjeeemnt3</span> <span class='ocrx_word' id='word_1_47' title='bbox 329 1083 362 1148; x_wconf 90' lang='lat' dir='ltr'>in</span> <span class='ocrx_word' id='word_1_48' title='bbox 386 1083 497 1150; x_wconf 83' lang='lat' dir='ltr'>codice</span> <span class='ocrx_word' id='word_1_49' title='bbox 520 1085 620 1150; x_wconf 82' lang='lat' dir='ltr'>enirn:</span> <span class='ocrx_word' id='word_1_50' title='bbox 649 1082 718 1150; x_wconf 71' lang='lat' dir='ltr'>tm</span> <span class='ocrx_word' id='word_1_51' title='bbox 740 1133 873 1150; x_wconf 86' lang='grc'><strong>.....</strong></span> <span class='ocrx_word' id='word_1_52' title='bbox 891 1082 1047 1159; x_wconf 78' lang='grc' dir='ltr'><strong><em>ιλλοντις.</em></strong></span> <span class='ocrx_word' id='word_1_53' title='bbox 1090 1083 1241 1151; x_wconf 80' lang='grc' dir='ltr'><strong><em>ἐκισσοῦ·</em></strong></span> 
     </span>
     <span class='ocr_line' id='line_1_9' title="bbox 77 1184 1241 1279; baseline 0.003 -24"><span class='ocrx_word' id='word_1_54' title='bbox 77 1189 246 1275; x_wconf 81' lang='grc' dir='ltr'><strong><em>στέφανον</em></strong></span> <span class='ocrx_word' id='word_1_55' title='bbox 272 1188 309 1253; x_wconf 77' lang='grc' dir='ltr'>ἐκ</span> <span class='ocrx_word' id='word_1_56' title='bbox 334 1189 389 1254; x_wconf 89' lang='grc' dir='ltr'>διο</span> <span class='ocrx_word' id='word_1_57' title='bbox 413 1240 639 1256; x_wconf 91' lang='grc'><strong>........</strong></span> <span class='ocrx_word' id='word_1_58' title='bbox 662 1184 827 1276; x_wconf 60' lang='lat' dir='ltr'>anparai.</span> <span class='ocrx_word' id='word_1_59' title='bbox 870 1189 964 1255; x_wconf 86' lang='lat' dir='ltr'>Adde</span> <span class='ocrx_word' id='word_1_60' title='bbox 993 1189 1132 1279; x_wconf 87' lang='lat' dir='ltr'>denique</span> <span class='ocrx_word' id='word_1_61' title='bbox 1162 1191 1241 1259; x_wconf 80' lang='lat' dir='ltr'>cte·</span> 
     </span>
     <span class='ocr_line' id='line_1_10' title="bbox 76 1292 1241 1385; baseline -0.001 -23"><span class='ocrx_word' id='word_1_62' title='bbox 76 1305 218 1362; x_wconf 90' lang='lat' dir='ltr'>mentem</span> <span class='ocrx_word' id='word_1_63' title='bbox 239 1293 509 1363; x_wconf 76' lang='lat' dir='ltr'>Alexandrinumt</span> <span class='ocrx_word' id='word_1_64' title='bbox 537 1292 623 1360; x_wconf 76' lang='grc' dir='ltr'>ἀλλὰ</span> <span class='ocrx_word' id='word_1_65' title='bbox 644 1296 710 1385; x_wconf 64' lang='grc' dir='ltr'>γὰρ</span> <span class='ocrx_word' id='word_1_66' title='bbox 736 1295 777 1360; x_wconf 81' lang='grc' dir='ltr'>τὰ</span> <span class='ocrx_word' id='word_1_67' title='bbox 801 1301 865 1380; x_wconf 82' lang='grc' dir='ltr'>μὲν</span> <span class='ocrx_word' id='word_1_68' title='bbox 891 1293 1048 1381; x_wconf 78' lang='grc' dir='ltr'><strong><em>δράματα</em></strong></span> <span class='ocrx_word' id='word_1_69' title='bbox 1076 1298 1133 1360; x_wconf 72' lang='grc' dir='ltr'><strong><em>καὶ</em></strong></span> <span class='ocrx_word' id='word_1_70' title='bbox 1162 1296 1241 1376; x_wconf 66' lang='lat' dir='ltr'>tole</span> 
     </span>
     <span class='ocr_line' id='line_1_11' title="bbox 76 1398 1238 1491; baseline 0.001 -26"><span class='ocrx_word' id='word_1_71' title='bbox 76 1402 292 1481; x_wconf 79' lang='grc' dir='ltr'><strong><em>ληναΐζοντας</em></strong></span> <span class='ocrx_word' id='word_1_72' title='bbox 313 1403 454 1483; x_wconf 78' lang='grc' dir='ltr'><strong><em>ποιητὰς</em></strong></span> <span class='ocrx_word' id='word_1_73' title='bbox 476 1403 586 1467; x_wconf 76' lang='grc' dir='ltr'><strong><em>τέλεον</em></strong></span> <span class='ocrx_word' id='word_1_74' title='bbox 605 1399 673 1483; x_wconf 82' lang='grc' dir='ltr'>ἤδη</span> <span class='ocrx_word' id='word_1_75' title='bbox 693 1402 936 1487; x_wconf 72' lang='grc' dir='ltr'><strong><em>παροινοῦντας</em></strong></span> <span class='ocrx_word' id='word_1_76' title='bbox 950 1402 1050 1491; x_wconf 76' lang='grc' dir='ltr'><strong><em>κιττῷ</em></strong></span> <span class='ocrx_word' id='word_1_77' title='bbox 1068 1425 1136 1467; x_wconf 83' lang='grc' dir='ltr'>πον</span> <span class='ocrx_word' id='word_1_78' title='bbox 1155 1398 1238 1467; x_wconf 68' lang='grc' dir='ltr'><strong><em>ἄνα.</em></strong></span> 
     </span>
     <span class='ocr_line' id='line_1_12' title="bbox 76 1504 1238 1599; baseline 0.006 -29"><span class='ocrx_word' id='word_1_79' title='bbox 76 1504 259 1587; x_wconf 77' lang='grc' dir='ltr'><strong><em>δήσαντας,</em></strong></span> <span class='ocrx_word' id='word_1_80' title='bbox 282 1508 509 1598; x_wconf 78' lang='grc' dir='ltr'><strong><em>ἄφραίτοντας</em></strong></span> <span class='ocrx_word' id='word_1_81' title='bbox 527 1509 686 1588; x_wconf 76' lang='grc' dir='ltr'><strong><em>ἐκτόπως,</em></strong></span> <span class='ocrx_word' id='word_1_82' title='bbox 718 1509 830 1599; x_wconf 63' lang='grc' dir='ltr'><strong><em>τελετῇ</em></strong></span> <span class='ocrx_word' id='word_1_83' title='bbox 852 1510 1001 1599; x_wconf 75' lang='grc' dir='ltr'><strong><em>Βακχικῇ</em></strong></span> <span class='ocrx_word' id='word_1_84' title='bbox 1020 1510 1090 1578; x_wconf 76' lang='grc' dir='ltr'><strong><em>κτλ.</em></strong></span> <span class='ocrx_word' id='word_1_85' title='bbox 1133 1511 1238 1577; x_wconf 85' lang='lat' dir='ltr'>Acce·</span> 
     </span>
     <span class='ocr_line' id='line_1_13' title="bbox 75 1614 1238 1707; baseline 0.003 -28"><span class='ocrx_word' id='word_1_86' title='bbox 75 1614 130 1694; x_wconf 89' lang='lat' dir='ltr'>dit,</span> <span class='ocrx_word' id='word_1_87' title='bbox 153 1614 238 1704; x_wconf 89' lang='lat' dir='ltr'>quod</span> <span class='ocrx_word' id='word_1_88' title='bbox 260 1614 479 1705; x_wconf 86' lang='lat' dir='ltr'>dithyrambos</span> <span class='ocrx_word' id='word_1_89' title='bbox 503 1618 721 1707; x_wconf 86' lang='lat' dir='ltr'>antiquissimo</span> <span class='ocrx_word' id='word_1_90' title='bbox 742 1615 946 1683; x_wconf 83' lang='lat' dir='ltr'>hauddubie</span> <span class='ocrx_word' id='word_1_91' title='bbox 968 1615 1134 1683; x_wconf 84' lang='lat' dir='ltr'>dedicatus</span> <span class='ocrx_word' id='word_1_92' title='bbox 1151 1625 1238 1683; x_wconf 88' lang='lat' dir='ltr'>esset</span> 
     </span>
     <span class='ocr_line' id='line_1_14' title="bbox 73 1719 1236 1808; baseline 0.002 -23"><span class='ocrx_word' id='word_1_93' title='bbox 73 1719 237 1808; x_wconf 83' lang='lat' dir='ltr'>Dionyso,</span> <span class='ocrx_word' id='word_1_94' title='bbox 268 1723 319 1787; x_wconf 81' lang='lat' dir='ltr'>etri</span> <span class='ocrx_word' id='word_1_95' title='bbox 345 1723 378 1790; x_wconf 92' lang='lat' dir='ltr'>in</span> <span class='ocrx_word' id='word_1_96' title='bbox 399 1722 522 1791; x_wconf 88' lang='lat' dir='ltr'>Limnis</span> <span class='ocrx_word' id='word_1_97' title='bbox 549 1745 678 1790; x_wconf 85' lang='lat' dir='ltr'>sacrum</span> <span class='ocrx_word' id='word_1_98' title='bbox 701 1733 788 1790; x_wconf 89' lang='lat' dir='ltr'>esset</span> <span class='ocrx_word' id='word_1_99' title='bbox 809 1722 972 1790; x_wconf 84' lang='lat' dir='ltr'>sacellum.</span> <span class='ocrx_word' id='word_1_100' title='bbox 1019 1721 1135 1788; x_wconf 81' lang='lat' dir='ltr'><strong>Eidem</strong></span> <span class='ocrx_word' id='word_1_101' title='bbox 1157 1744 1236 1788; x_wconf 89' lang='lat' dir='ltr'>vero</span> 
     </span>
     <span class='ocr_line' id='line_1_15' title="bbox 74 1823 1236 1918; baseline 0.003 -27"><span class='ocrx_word' id='word_1_102' title='bbox 74 1825 137 1891; x_wconf 90' lang='lat' dir='ltr'>deo</span> <span class='ocrx_word' id='word_1_103' title='bbox 159 1823 335 1913; x_wconf 81' lang='lat' dir='ltr'>agebantur</span> <span class='ocrx_word' id='word_1_104' title='bbox 355 1825 495 1909; x_wconf 89' lang='lat' dir='ltr'>Lenaea,</span> <span class='ocrx_word' id='word_1_105' title='bbox 518 1830 586 1894; x_wconf 90' lang='lat' dir='ltr'>sive</span> <span class='ocrx_word' id='word_1_106' title='bbox 608 1829 791 1907; x_wconf 85' lang='lat' dir='ltr'>Ambrosia,</span> <span class='ocrx_word' id='word_1_107' title='bbox 820 1828 862 1892; x_wconf 85' lang='lat' dir='ltr'>ad</span> <span class='ocrx_word' id='word_1_108' title='bbox 885 1851 980 1918; x_wconf 81' lang='lat' dir='ltr'>quam</span> <span class='ocrx_word' id='word_1_109' title='bbox 1002 1827 1236 1895; x_wconf 86' lang='lat' dir='ltr'>denominatio-</span> 
     </span>
     <span class='ocr_line' id='line_1_16' title="bbox 73 1930 1236 2022; baseline 0.001 -24"><span class='ocrx_word' id='word_1_110' title='bbox 73 1954 150 1998; x_wconf 85' lang='lat' dir='ltr'>nem</span> <span class='ocrx_word' id='word_1_111' title='bbox 173 1930 317 2022; x_wconf 87' lang='lat' dir='ltr'>ejusdem</span> <span class='ocrx_word' id='word_1_112' title='bbox 339 1931 412 1995; x_wconf 80' lang='lat' dir='ltr'>festi</span> <span class='ocrx_word' id='word_1_113' title='bbox 432 1931 832 2020; x_wconf 82' lang='lat' dir='ltr'>postremam-Boeelhius</span> <span class='ocrx_word' id='word_1_114' title='bbox 853 1932 874 2005; x_wconf 90' lang='lat' dir='ltr'>l.</span> <span class='ocrx_word' id='word_1_115' title='bbox 896 1933 916 1998; x_wconf 91' lang='grc'>1·.</span> <span class='ocrx_word' id='word_1_116' title='bbox 939 1956 970 2022; x_wconf 90' lang='lat' dir='ltr'>p.</span> <span class='ocrx_word' id='word_1_117' title='bbox 996 1935 1056 1998; x_wconf 85' lang='grc'>116</span> <span class='ocrx_word' id='word_1_118' title='bbox 1089 1933 1236 1999; x_wconf 70' lang='lat' dir='ltr'>allusisse</span> 
     </span>
     <span class='ocr_line' id='line_1_17' title="bbox 73 2035 992 2127; baseline -0.001 -25"><span class='ocrx_word' id='word_1_119' title='bbox 73 2047 165 2125; x_wconf 87' lang='lat' dir='ltr'>putat</span> <span class='ocrx_word' id='word_1_120' title='bbox 187 2036 394 2103; x_wconf 77' lang='lat' dir='ltr'>Timotheum</span> <span class='ocrx_word' id='word_1_121' title='bbox 417 2037 683 2126; x_wconf 88' lang='lat' dir='ltr'>dithyrambieum</span> <span class='ocrx_word' id='word_1_122' title='bbox 705 2040 738 2103; x_wconf 91' lang='lat' dir='ltr'>in</span> <span class='ocrx_word' id='word_1_123' title='bbox 761 2035 906 2127; x_wconf 83' lang='lat' dir='ltr'>Cyclope</span> <span class='ocrx_word' id='word_1_124' title='bbox 928 2037 992 2104; x_wconf 79' lang='lat' dir='ltr'>hiss</span> 
     </span>
    </p>

    <p class='ocr_par' dir='ltr' id='par_1_5' title="bbox 226 2137 841 2228">
     <span class='ocr_line' id='line_1_18' title="bbox 226 2137 841 2228; baseline -0.003 -21"><span class='ocrx_word' id='word_1_125' title='bbox 226 2140 347 2221; x_wconf 74' lang='grc' dir='ltr'><strong><em>ἔπλησε</em></strong></span> <span class='ocrx_word' id='word_1_126' title='bbox 368 2137 403 2207; x_wconf 79' lang='grc' dir='ltr'>δ’</span> <span class='ocrx_word' id='word_1_127' title='bbox 426 2137 463 2206; x_wconf 73' lang='grc' dir='ltr'>ἓν</span> <span class='ocrx_word' id='word_1_128' title='bbox 483 2148 546 2228; x_wconf 70' lang='grc' dir='ltr'>μὲν</span> <span class='ocrx_word' id='word_1_129' title='bbox 567 2144 670 2221; x_wconf 74' lang='grc' dir='ltr'><strong><em>δέπας</em></strong></span> <span class='ocrx_word' id='word_1_130' title='bbox 691 2141 841 2208; x_wconf 77' lang='grc' dir='ltr'><strong><em>κίσσινον</em></strong></span> 
     </span>
    </p>

    <p class='ocr_par' dir='ltr' id='par_1_6' title="bbox 129 2243 640 2333">
     <span class='ocr_line' id='line_1_19' title="bbox 129 2243 640 2333; baseline 0.01 -24"><span class='ocrx_word' id='word_1_131' title='bbox 129 2264 132 2269; x_wconf 92' lang='grc'><strong><em>·</em></strong></span> <span class='ocrx_word' id='word_1_132' title='bbox 224 2247 386 2333; x_wconf 78' lang='grc' dir='ltr'><strong><em>μελαίνας</em></strong></span> <span class='ocrx_word' id='word_1_133' title='bbox 412 2243 640 2332; x_wconf 79' lang='grc' dir='ltr'><strong><em>σταγόνος·</em></strong></span> 
     </span>
    </p>

    <p class='ocr_par' dir='ltr' id='par_1_7' title="bbox 224 2349 848 2446">
     <span class='ocr_line' id='line_1_20' title="bbox 224 2349 848 2446; baseline 0.002 -29"><span class='ocrx_word' id='word_1_134' title='bbox 224 2351 438 2444; x_wconf 72' lang='grc' dir='ltr'><strong><em>ἀμβρότας</em></strong></span> <span class='ocrx_word' id='word_1_135' title='bbox 466 2352 582 2446; x_wconf 69' lang='grc' dir='ltr'>ἀφρῷ</span> <span class='ocrx_word' id='word_1_136' title='bbox 604 2349 761 2441; x_wconf 76' lang='grc' dir='ltr'><strong><em>βρυάζον·</em></strong></span> <span class='ocrx_word' id='word_1_137' title='bbox 845 2384 848 2393; x_wconf 94' lang='grc'><em>·</em></span> 
     </span>
    </p>

    <p class='ocr_par' dir='ltr' id='par_1_8' title="bbox 226 2453 1019 2551">
     <span class='ocr_line' id='line_1_21' title="bbox 226 2453 1019 2551; baseline 0.001 -27"><span class='ocrx_word' id='word_1_138' title='bbox 226 2462 350 2527; x_wconf 78' lang='grc' dir='ltr'><strong><em>εἴκοσιν</em></strong></span> <span class='ocrx_word' id='word_1_139' title='bbox 370 2457 403 2525; x_wconf 79' lang='grc' dir='ltr'>δ’</span> <span class='ocrx_word' id='word_1_140' title='bbox 429 2453 551 2539; x_wconf 74' lang='grc' dir='ltr'><strong><em>ὕδατος</em></strong></span> <span class='ocrx_word' id='word_1_141' title='bbox 571 2463 651 2551; x_wconf 83' lang='grc' dir='ltr'><strong><em>μέτρ’</em></strong></span> <span class='ocrx_word' id='word_1_142' title='bbox 675 2454 832 2547; x_wconf 68' lang='grc' dir='ltr'><strong><em>διέχουσιν,</em></strong></span> <span class='ocrx_word' id='word_1_143' title='bbox 853 2460 965 2548; x_wconf 72' lang='grc' dir='ltr'><strong><em>ἔμισγε</em></strong></span> <span class='ocrx_word' id='word_1_144' title='bbox 987 2460 1019 2525; x_wconf 76' lang='grc' dir='ltr'>δ’</span> 
     </span>
    </p>

    <p class='ocr_par' dir='ltr' id='par_1_9' title="bbox 222 2559 1081 2658">
     <span class='ocr_line' id='line_1_22' title="bbox 222 2559 1081 2658; baseline 0.002 -27"><span class='ocrx_word' id='word_1_145' title='bbox 222 2559 308 2653; x_wconf 81' lang='grc' dir='ltr'><strong><em>αἷμα</em></strong></span> <span class='ocrx_word' id='word_1_146' title='bbox 332 2567 482 2654; x_wconf 84' lang='grc' dir='ltr'><strong><em>Βακχίου</em></strong></span> <span class='ocrx_word' id='word_1_147' title='bbox 510 2564 696 2658; x_wconf 78' lang='grc' dir='ltr'><strong><em>νεορῥὺτοις</em></strong></span> <span class='ocrx_word' id='word_1_148' title='bbox 725 2565 900 2656; x_wconf 79' lang='grc' dir='ltr'><strong><em>δακρύοισι</em></strong></span> <span class='ocrx_word' id='word_1_149' title='bbox 923 2571 1081 2656; x_wconf 75' lang='grc' dir='ltr'><strong><em>Νυμφᾶν.</em></strong></span> 
     </span>
    </p>

    <p class='ocr_par' dir='ltr' id='par_1_10' title="bbox 71 2672 1236 3610">
     <span class='ocr_line' id='line_1_23' title="bbox 159 2672 1236 2768; baseline 0.004 -27"><span class='ocrx_word' id='word_1_150' title='bbox 159 2674 225 2741; x_wconf 88' lang='lat' dir='ltr'>Sed</span> <span class='ocrx_word' id='word_1_151' title='bbox 247 2672 328 2740; x_wconf 84' lang='lat' dir='ltr'>haee</span> <span class='ocrx_word' id='word_1_152' title='bbox 349 2675 390 2739; x_wconf 84' lang='lat' dir='ltr'>de</span> <span class='ocrx_word' id='word_1_153' title='bbox 412 2685 558 2762; x_wconf 87' lang='lat' dir='ltr'>ternpore</span> <span class='ocrx_word' id='word_1_154' title='bbox 577 2677 682 2740; x_wconf 89' lang='lat' dir='ltr'>nostri</span> <span class='ocrx_word' id='word_1_155' title='bbox 696 2678 846 2742; x_wconf 87' lang='lat' dir='ltr'>carminis</span> <span class='ocrx_word' id='word_1_156' title='bbox 861 2677 947 2744; x_wconf 87' lang='lat' dir='ltr'>dicta</span> <span class='ocrx_word' id='word_1_157' title='bbox 961 2678 1129 2760; x_wconf 72' lang='lat' dir='ltr'>sufiiciunt7</span> <span class='ocrx_word' id='word_1_158' title='bbox 1152 2701 1236 2768; x_wconf 88' lang='lat' dir='ltr'>qnae</span> 
     </span>
     <span class='ocr_line' id='line_1_24' title="bbox 72 2777 1234 2873; baseline 0.003 -27"><span class='ocrx_word' id='word_1_159' title='bbox 72 2780 147 2845; x_wconf 87' lang='lat' dir='ltr'>lieet</span> <span class='ocrx_word' id='word_1_160' title='bbox 169 2778 209 2843; x_wconf 84' lang='lat' dir='ltr'>ad</span> <span class='ocrx_word' id='word_1_161' title='bbox 231 2777 372 2843; x_wconf 88' lang='lat' dir='ltr'>Atticum</span> <span class='ocrx_word' id='word_1_162' title='bbox 394 2779 567 2866; x_wconf 82' lang='lat' dir='ltr'>praecipue</span> <span class='ocrx_word' id='word_1_163' title='bbox 590 2778 711 2846; x_wconf 85' lang='lat' dir='ltr'>Bacchi</span> <span class='ocrx_word' id='word_1_164' title='bbox 741 2780 863 2846; x_wconf 88' lang='lat' dir='ltr'>cultum</span> <span class='ocrx_word' id='word_1_165' title='bbox 890 2785 1084 2871; x_wconf 89' lang='lat' dir='ltr'>pertineant,</span> <span class='ocrx_word' id='word_1_166' title='bbox 1116 2784 1234 2873; x_wconf 90' lang='lat' dir='ltr'>proba-</span> 
     </span>
     <span class='ocr_line' id='line_1_25' title="bbox 72 2878 1234 2973; baseline 0.006 -24"><span class='ocrx_word' id='word_1_167' title='bbox 72 2883 135 2950; x_wconf 89' lang='lat' dir='ltr'>bile</span> <span class='ocrx_word' id='word_1_168' title='bbox 158 2893 265 2949; x_wconf 88' lang='lat' dir='ltr'>tamen</span> <span class='ocrx_word' id='word_1_169' title='bbox 288 2883 388 2947; x_wconf 88' lang='lat' dir='ltr'>estin</span> <span class='ocrx_word' id='word_1_170' title='bbox 410 2881 539 2973; x_wconf 91' lang='lat' dir='ltr'>reliquis</span> <span class='ocrx_word' id='word_1_171' title='bbox 562 2878 718 2949; x_wconf 80' lang='lat' dir='ltr'>Graeciae</span> <span class='ocrx_word' id='word_1_172' title='bbox 745 2884 924 2950; x_wconf 69' lang='lat' dir='ltr'>cintanbus</span> <span class='ocrx_word' id='word_1_173' title='bbox 951 2887 1065 2952; x_wconf 88' lang='lat' dir='ltr'>similia</span> <span class='ocrx_word' id='word_1_174' title='bbox 1091 2890 1234 2956; x_wconf 88' lang='lat' dir='ltr'>instituta</span> 
     </span>
     <span class='ocr_line' id='line_1_26' title="bbox 72 2987 1234 3082; baseline 0.003 -27"><span class='ocrx_word' id='word_1_175' title='bbox 72 2989 220 3057; x_wconf 89' lang='lat' dir='ltr'>valuisse.</span> <span class='ocrx_word' id='word_1_176' title='bbox 264 2988 384 3080; x_wconf 87' lang='lat' dir='ltr'>ltaque,</span> <span class='ocrx_word' id='word_1_177' title='bbox 406 3009 481 3053; x_wconf 88' lang='lat' dir='ltr'>eum</span> <span class='ocrx_word' id='word_1_178' title='bbox 495 2987 628 3055; x_wconf 85' lang='lat' dir='ltr'>Athenis</span> <span class='ocrx_word' id='word_1_179' title='bbox 652 2989 715 3056; x_wconf 89' lang='lat' dir='ltr'>duo</span> <span class='ocrx_word' id='word_1_180' title='bbox 737 2990 819 3059; x_wconf 82' lang='lat' dir='ltr'>festa</span> <span class='ocrx_word' id='word_1_181' title='bbox 841 2988 1002 3057; x_wconf 89' lang='lat' dir='ltr'>Bacchica</span> <span class='ocrx_word' id='word_1_182' title='bbox 1024 2990 1132 3082; x_wconf 85' lang='lat' dir='ltr'>cycliis</span> <span class='ocrx_word' id='word_1_183' title='bbox 1156 2992 1234 3059; x_wconf 92' lang='lat' dir='ltr'>cho-</span> 
     </span>
     <span class='ocr_line' id='line_1_27' title="bbox 72 3095 1235 3187; baseline 0.003 -26"><span class='ocrx_word' id='word_1_184' title='bbox 72 3099 114 3161; x_wconf 89' lang='lat' dir='ltr'>ris</span> <span class='ocrx_word' id='word_1_185' title='bbox 148 3095 397 3176; x_wconf 87' lang='lat' dir='ltr'>adomarentur,</span> <span class='ocrx_word' id='word_1_186' title='bbox 429 3104 563 3183; x_wconf 89' lang='lat' dir='ltr'>apparet</span> <span class='ocrx_word' id='word_1_187' title='bbox 591 3095 683 3177; x_wconf 88' lang='lat' dir='ltr'>inde,</span> <span class='ocrx_word' id='word_1_188' title='bbox 721 3097 785 3165; x_wconf 91' lang='lat' dir='ltr'>duo</span> <span class='ocrx_word' id='word_1_189' title='bbox 821 3097 916 3165; x_wconf 81' lang='lat' dir='ltr'>etiam</span> <span class='ocrx_word' id='word_1_190' title='bbox 948 3096 1235 3187; x_wconf 82' lang='lat' dir='ltr'>Dithyramborum</span> 
     </span>
     <span class='ocr_line' id='line_1_28' title="bbox 72 3199 1235 3292; baseline 0.001 -24"><span class='ocrx_word' id='word_1_191' title='bbox 72 3223 191 3291; x_wconf 80' lang='lat' dir='ltr'>genera</span> <span class='ocrx_word' id='word_1_192' title='bbox 215 3201 341 3268; x_wconf 88' lang='lat' dir='ltr'>diversa</span> <span class='ocrx_word' id='word_1_193' title='bbox 362 3202 477 3281; x_wconf 85' lang='lat' dir='ltr'>luisse,</span> <span class='ocrx_word' id='word_1_194' title='bbox 494 3199 641 3283; x_wconf 68' lang='lat' dir='ltr'>‚alterum</span> <span class='ocrx_word' id='word_1_195' title='bbox 662 3201 884 3283; x_wconf 84' lang='lat' dir='ltr'>hibernorum,</span> <span class='ocrx_word' id='word_1_196' title='bbox 912 3202 999 3292; x_wconf 91' lang='lat' dir='ltr'>quod</span> <span class='ocrx_word' id='word_1_197' title='bbox 1020 3201 1235 3286; x_wconf 88' lang='lat' dir='ltr'>Lenaeorum‚</span> 
     </span>
     <span class='ocr_line' id='line_1_29' title="bbox 72 3306 1235 3399; baseline 0.004 -27"><span class='ocrx_word' id='word_1_198' title='bbox 72 3307 208 3373; x_wconf 89' lang='lat' dir='ltr'>alterum</span> <span class='ocrx_word' id='word_1_199' title='bbox 238 3328 428 3387; x_wconf 88' lang='lat' dir='ltr'>vernorum,</span> <span class='ocrx_word' id='word_1_200' title='bbox 458 3307 544 3397; x_wconf 92' lang='lat' dir='ltr'>quod</span> <span class='ocrx_word' id='word_1_201' title='bbox 574 3306 806 3396; x_wconf 86' lang='lat' dir='ltr'>Dionysiorum</span> <span class='ocrx_word' id='word_1_202' title='bbox 836 3317 981 3399; x_wconf 86' lang='lat' dir='ltr'>tempore</span> <span class='ocrx_word' id='word_1_203' title='bbox 1009 3310 1235 3377; x_wconf 86' lang='lat' dir='ltr'>accommoda·</span> 
     </span>
     <span class='ocr_line' id='line_1_30' title="bbox 72 3411 1233 3506; baseline 0.004 -29"><span class='ocrx_word' id='word_1_204' title='bbox 72 3422 139 3478; x_wconf 90' lang='lat' dir='ltr'>turn</span> <span class='ocrx_word' id='word_1_205' title='bbox 163 3421 256 3478; x_wconf 89' lang='lat' dir='ltr'>esset.</span> <span class='ocrx_word' id='word_1_206' title='bbox 301 3411 503 3477; x_wconf 88' lang='lat' dir='ltr'>Anthesteria</span> <span class='ocrx_word' id='word_1_207' title='bbox 526 3413 611 3478; x_wconf 90' lang='lat' dir='ltr'>enim</span> <span class='ocrx_word' id='word_1_208' title='bbox 634 3412 769 3502; x_wconf 89' lang='lat' dir='ltr'>amplius</span> <span class='ocrx_word' id='word_1_209' title='bbox 791 3437 858 3480; x_wconf 91' lang='lat' dir='ltr'>non</span> <span class='ocrx_word' id='word_1_210' title='bbox 885 3416 1082 3505; x_wconf 87' lang='lat' dir='ltr'>respicimus.</span> <span class='ocrx_word' id='word_1_211' title='bbox 1127 3417 1233 3506; x_wconf 84' lang='lat' dir='ltr'>Atque</span> 
     </span>
     <span class='ocr_line' id='line_1_31' title="bbox 71 3517 1234 3610; baseline 0.005 -27"><span class='ocrx_word' id='word_1_212' title='bbox 71 3517 103 3584; x_wconf 91' lang='lat' dir='ltr'>hi</span> <span class='ocrx_word' id='word_1_213' title='bbox 130 3528 205 3585; x_wconf 89' lang='lat' dir='ltr'>sunt</span> <span class='ocrx_word' id='word_1_214' title='bbox 232 3518 322 3586; x_wconf 87' lang='lat' dir='ltr'>verni</span> <span class='ocrx_word' id='word_1_215' title='bbox 354 3518 406 3585; x_wconf 85' lang='lat' dir='ltr'>isti</span> <span class='ocrx_word' id='word_1_216' title='bbox 438 3517 644 3609; x_wconf 86' lang='lat' dir='ltr'>dithyrambi,</span> <span class='ocrx_word' id='word_1_217' title='bbox 678 3519 717 3589; x_wconf 88' lang='lat' dir='ltr'>de</span> <span class='ocrx_word' id='word_1_218' title='bbox 753 3521 866 3610; x_wconf 84' lang='lat' dir='ltr'>quibus</span> <span class='ocrx_word' id='word_1_219' title='bbox 897 3518 1164 3589; x_wconf 83' lang='lat' dir='ltr'>Schneidewinus</span> <span class='ocrx_word' id='word_1_220' title='bbox 1193 3522 1234 3589; x_wconf 87' lang='lat' dir='ltr'>ad</span> 
     </span>
    </p>
   </div>
   <div class='ocr_carea' id='block_1_4' title="bbox 71 3621 1233 3716">
    <p class='ocr_par' dir='ltr' id='par_1_11' title="bbox 71 3621 1233 3716">
     <span class='ocr_line' id='line_1_32' title="bbox 71 3621 1233 3716; baseline 0.003 -26"><span class='ocrx_word' id='word_1_221' title='bbox 71 3624 194 3691; x_wconf 86' lang='lat' dir='ltr'>Simon.</span> <span class='ocrx_word' id='word_1_222' title='bbox 226 3624 291 3714; x_wconf 74' lang='lat' dir='ltr'>[gg.</span> <span class='ocrx_word' id='word_1_223' title='bbox 314 3621 480 3707; x_wconf 86' lang='lat' dir='ltr'>LXXVII,</span> <span class='ocrx_word' id='word_1_224' title='bbox 503 3621 616 3693; x_wconf 88' lang='lat' dir='ltr'>CXXI</span> <span class='ocrx_word' id='word_1_225' title='bbox 637 3624 811 3695; x_wconf 88' lang='lat' dir='ltr'>Muellerus</span> <span class='ocrx_word' id='word_1_226' title='bbox 844 3628 933 3716; x_wconf 90' lang='lat' dir='ltr'>epist.</span> <span class='ocrx_word' id='word_1_227' title='bbox 967 3627 1008 3695; x_wconf 89' lang='lat' dir='ltr'>ad</span> <span class='ocrx_word' id='word_1_228' title='bbox 1026 3627 1233 3696; x_wconf 87' lang='lat' dir='ltr'>Schneidew.</span> 
     </span>
    </p>
   </div>
   <div class='ocr_carea' id='block_1_5' title="bbox 70 3727 1234 4337">
    <p class='ocr_par' dir='ltr' id='par_1_12' title="bbox 70 3727 1234 4163">
     <span class='ocr_line' id='line_1_33' title="bbox 70 3727 1234 3823; baseline 0.003 -29"><span class='ocrx_word' id='word_1_229' title='bbox 70 3752 100 3818; x_wconf 90' lang='lat' dir='ltr'>p.</span> <span class='ocrx_word' id='word_1_230' title='bbox 117 3728 165 3795; x_wconf 90' lang='lat' dir='ltr'>Xl</span> <span class='ocrx_word' id='word_1_231' title='bbox 187 3740 219 3795; x_wconf 94' lang='lat' dir='ltr'>et</span> <span class='ocrx_word' id='word_1_232' title='bbox 240 3730 410 3798; x_wconf 86' lang='lat' dir='ltr'>Dissenius</span> <span class='ocrx_word' id='word_1_233' title='bbox 431 3727 451 3794; x_wconf 93' lang='lat' dir='ltr'>l.</span> <span class='ocrx_word' id='word_1_234' title='bbox 474 3727 493 3795; x_wconf 89' lang='lat' dir='ltr'>l.</span> <span class='ocrx_word' id='word_1_235' title='bbox 515 3737 800 3817; x_wconf 60' lang='lat' dir='ltr'>menusanum).</span> <span class='ocrx_word' id='word_1_236' title='bbox 845 3733 1008 3823; x_wconf 85' lang='lat' dir='ltr'>Perquam</span> <span class='ocrx_word' id='word_1_237' title='bbox 1030 3735 1128 3822; x_wconf 88' lang='lat' dir='ltr'>igitur</span> <span class='ocrx_word' id='word_1_238' title='bbox 1148 3733 1234 3798; x_wconf 88' lang='lat' dir='ltr'>veri·</span> 
     </span>
     <span class='ocr_line' id='line_1_34' title="bbox 108 3918 1234 3986; baseline 0.001 -13"><span class='ocrx_word' id='word_1_239' title='bbox 108 3921 157 3986; x_wconf 79' lang='lat'>¹⁰²)</span> <span class='ocrx_word' id='word_1_240' title='bbox 174 3923 269 3973; x_wconf 80' lang='lat' dir='ltr'>Placet</span> <span class='ocrx_word' id='word_1_241' title='bbox 292 3919 318 3971; x_wconf 89' lang='lat' dir='ltr'>h.</span> <span class='ocrx_word' id='word_1_242' title='bbox 336 3922 356 3973; x_wconf 89' lang='grc'>1,</span> <span class='ocrx_word' id='word_1_243' title='bbox 384 3918 549 3984; x_wconf 76' lang='lat' dir='ltr'>subjungere</span> <span class='ocrx_word' id='word_1_244' title='bbox 579 3920 777 3974; x_wconf 84' lang='lat' dir='ltr'>memorabilem</span> <span class='ocrx_word' id='word_1_245' title='bbox 800 3921 953 3975; x_wconf 80' lang='lat' dir='ltr'>Aristoxeni</span> <span class='ocrx_word' id='word_1_246' title='bbox 980 3937 995 3971; x_wconf 84' lang='grc' dir='ltr'><strong><em>ο</em></strong></span> <span class='ocrx_word' id='word_1_247' title='bbox 1025 3919 1080 3972; x_wconf 80' lang='lat' dir='ltr'>vito</span> <span class='ocrx_word' id='word_1_248' title='bbox 1101 3921 1234 3974; x_wconf 77' lang='lat' dir='ltr'>Telestae</span> 
     </span>
     <span class='ocr_line' id='line_1_35' title="bbox 138 4002 1232 4076; baseline 0.005 -20"><span class='ocrx_word' id='word_1_249' title='bbox 138 4009 225 4059; x_wconf 86' lang='lat' dir='ltr'>locum</span> <span class='ocrx_word' id='word_1_250' title='bbox 251 4006 367 4071; x_wconf 70' lang='lat' dir='ltr'>(Melino</span> <span class='ocrx_word' id='word_1_251' title='bbox 392 4024 420 4074; x_wconf 68' lang='lat' dir='ltr'>p⁴</span> <span class='ocrx_word' id='word_1_252' title='bbox 438 4008 483 4073; x_wconf 78' lang='grc'>112,</span> <span class='ocrx_word' id='word_1_253' title='bbox 499 4005 534 4059; x_wconf 79' lang='grc'>93</span> <span class='ocrx_word' id='word_1_254' title='bbox 551 4006 674 4074; x_wconf 80' lang='lat' dir='ltr'>Anntel.)</span> <span class='ocrx_word' id='word_1_255' title='bbox 695 4002 732 4059; x_wconf 87' lang='lat' dir='ltr'>’A.</span> <span class='ocrx_word' id='word_1_256' title='bbox 751 4004 775 4061; x_wconf 85' lang='grc' dir='ltr'>ὁ.</span> <span class='ocrx_word' id='word_1_257' title='bbox 794 4012 836 4060; x_wconf 88' lang='grc' dir='ltr'>Μ.</span> <span class='ocrx_word' id='word_1_258' title='bbox 862 4007 892 4062; x_wconf 71' lang='grc' dir='ltr'>ἐν</span> <span class='ocrx_word' id='word_1_259' title='bbox 913 4007 1032 4066; x_wconf 78' lang='grc' dir='ltr'><strong><em>Τελέςου</em></strong></span> <span class='ocrx_word' id='word_1_260' title='bbox 1055 4008 1106 4073; x_wconf 73' lang='grc' dir='ltr'>βίῳ</span> <span class='ocrx_word' id='word_1_261' title='bbox 1130 4008 1232 4076; x_wconf 76' lang='grc' dir='ltr'><strong><em>φησὶν·</em></strong></span> 
     </span>
     <span class='ocr_line' id='line_1_36' title="bbox 137 4079 1231 4163; baseline 0.003 -20"><span class='ocrx_word' id='word_1_262' title='bbox 137 4079 212 4163; x_wconf 78' lang='grc' dir='ltr'><strong><em>ᾧπερ</em></strong></span> <span class='ocrx_word' id='word_1_263' title='bbox 236 4090 266 4146; x_wconf 73' lang='grc' dir='ltr'>ἐν</span> <span class='ocrx_word' id='word_1_264' title='bbox 286 4089 386 4161; x_wconf 75' lang='grc' dir='ltr'><strong><em>Ἰταλία</em></strong></span> <span class='ocrx_word' id='word_1_265' title='bbox 403 4087 585 4163; x_wconf 78' lang='grc' dir='ltr'><strong><em>σννεκύρησεν</em></strong></span> <span class='ocrx_word' id='word_1_266' title='bbox 602 4087 659 4144; x_wconf 81' lang='grc' dir='ltr'>ὑπὸ</span> <span class='ocrx_word' id='word_1_267' title='bbox 681 4089 730 4148; x_wconf 83' lang='grc' dir='ltr'>τὸν</span> <span class='ocrx_word' id='word_1_268' title='bbox 756 4090 842 4149; x_wconf 76' lang='grc' dir='ltr'><strong><em>αὐτὸν</em></strong></span> <span class='ocrx_word' id='word_1_269' title='bbox 859 4091 957 4163; x_wconf 83' lang='grc' dir='ltr'><strong><em>καιρὸν</em></strong></span> <span class='ocrx_word' id='word_1_270' title='bbox 972 4096 1122 4162; x_wconf 69' lang='grc' dir='ltr'><strong><em>γίγνεσθαι</em></strong></span> <span class='ocrx_word' id='word_1_271' title='bbox 1142 4089 1231 4162; x_wconf 75' lang='grc' dir='ltr'><em>πάθη,</em></span> 
     </span>
    </p>

    <p class='ocr_par' dir='ltr' id='par_1_13' title="bbox 135 4167 1233 4337">
     <span class='ocr_line' id='line_1_37' title="bbox 137 4167 1233 4250; baseline 0.005 -21"><span class='ocrx_word' id='word_1_272' title='bbox 137 4167 176 4232; x_wconf 79' lang='grc' dir='ltr'>ὧν</span> <span class='ocrx_word' id='word_1_273' title='bbox 194 4178 226 4232; x_wconf 76' lang='lat' dir='ltr'>l&#39;v</span> <span class='ocrx_word' id='word_1_274' title='bbox 249 4176 320 4231; x_wconf 79' lang='lat' dir='ltr'>eloco</span> <span class='ocrx_word' id='word_1_275' title='bbox 343 4179 392 4229; x_wconf 78' lang='grc' dir='ltr'><strong><em>καὶ</em></strong></span> <span class='ocrx_word' id='word_1_276' title='bbox 410 4176 441 4231; x_wconf 82' lang='grc' dir='ltr'>τὰ</span> <span class='ocrx_word' id='word_1_277' title='bbox 465 4180 530 4247; x_wconf 79' lang='grc' dir='ltr'>περὶ</span> <span class='ocrx_word' id='word_1_278' title='bbox 552 4176 600 4237; x_wconf 77' lang='grc' dir='ltr'>τὰς</span> <span class='ocrx_word' id='word_1_279' title='bbox 620 4183 756 4247; x_wconf 76' lang='grc' dir='ltr'><strong><em>γυναῖκας</em></strong></span> <span class='ocrx_word' id='word_1_280' title='bbox 779 4177 931 4250; x_wconf 79' lang='grc' dir='ltr'><strong><em>γενόμενον</em></strong></span> <span class='ocrx_word' id='word_1_281' title='bbox 956 4171 1070 4234; x_wconf 70' lang='grc' dir='ltr'><strong><em>ἄτοπον.</em></strong></span> <span class='ocrx_word' id='word_1_282' title='bbox 1106 4179 1233 4242; x_wconf 76' lang='grc' dir='ltr'><strong><em>ἔκςασεις</em></strong></span> 
     </span>
     <span class='ocr_line' id='line_1_38' title="bbox 135 4260 1232 4337; baseline 0.005 -22"><span class='ocrx_word' id='word_1_283' title='bbox 135 4263 190 4337; x_wconf 71' lang='grc' dir='ltr'>γὰρ</span> <span class='ocrx_word' id='word_1_284' title='bbox 216 4269 347 4334; x_wconf 74' lang='grc' dir='ltr'><strong><em>γίνεσθαι</em></strong></span> <span class='ocrx_word' id='word_1_285' title='bbox 368 4260 510 4330; x_wconf 74' lang='grc' dir='ltr'><strong><em>τοιαύτας,</em></strong></span> <span class='ocrx_word' id='word_1_286' title='bbox 539 4262 608 4319; x_wconf 69' lang='grc' dir='ltr'><strong><em>ὅστε</em></strong></span> <span class='ocrx_word' id='word_1_287' title='bbox 634 4265 722 4321; x_wconf 77' lang='grc' dir='ltr'><strong><em>ἐνίοτε</em></strong></span> <span class='ocrx_word' id='word_1_288' title='bbox 747 4269 907 4337; x_wconf 67' lang='grc' dir='ltr'><strong><em>καθημένας</em></strong></span> <span class='ocrx_word' id='word_1_289' title='bbox 930 4267 977 4320; x_wconf 78' lang='grc' dir='ltr'><strong><em>καὶ</em></strong></span> <span class='ocrx_word' id='word_1_290' title='bbox 1008 4264 1173 4329; x_wconf 80' lang='grc' dir='ltr'><strong><em>διιπνοὺσας</em></strong></span> <span class='ocrx_word' id='word_1_291' title='bbox 1195 4265 1232 4329; x_wconf 76' lang='grc' dir='ltr'>ὥς</span> 
     </span>
    </p>
   </div>
   <div class='ocr_carea' id='block_1_6' title="bbox 0 0 1404 4672">
    <p class='ocr_par' dir='ltr' id='par_1_14' title="bbox 0 0 1404 4672">
     <span class='ocr_line' id='line_1_39' title="bbox 0 0 1404 4672; baseline 0 2"><span class='ocrx_word' id='word_1_292' title='bbox 0 0 1404 4672; x_wconf 95' lang='lat' dir='ltr'> </span> 
     </span>
    </p>
   </div>
  </div>
 </body>
</html>
