2798 4672
1154 253 1225 329 191

67 436 240 503 admodum
262 458 340 502 vero
354 435 462 524 Satyri
483 435 534 501 isti
552 456 626 501 cum
645 431 755 501 Sileno
778 433 882 513 officio
903 458 963 504 suo
986 436 1063 503 satis
1085 437 1228 518 fecerint,

66 542 203 623 Dionysi
223 543 412 608 memoriam
434 542 622 623 sustinendi,
653 564 695 607 ex
715 539 875 630 Euripidis
898 541 1057 634 Cyclope,
1087 544 1246 630 satyrico'

68 648 220 727 dramate,
244 647 330 736 quod
353 656 492 713 aetatem
514 648 593 728 tulit,
615 648 721 728 unico,
742 645 944 736 intellegitur.
979 648 1026 715 Ibi
1043 650 1128 715 enim
1143 648 1226 716 sile-

64 777 135 835 nus,
157 777 259 842 prope
282 763 408 818 antrum
425 753 578 843 Cyclopis
601 752 754 834 residens,
775 754 809 820 in
825 777 976 820 sermone
991 754 1032 821 ad
1043 754 1227 844 Dionysum

63 862 141 925 satis
176 859 289 948 longa,
322 860 429 924 omnia
455 858 586 929 Bacchi·
605 854 706 936 naida
732 859 765 923 in
792 860 982 925 memoriam
1008 870 1225 948 spectatorum

64 974 211 1046 revocat,
239 988 258 1030 a
278 964 415 1031 Junonis
436 965 512 1031 inde
532 966 580 1030 ira
602 988 706 1055 usque
727 964 821 1031 adid
842 973 985 1054 tempus,
1017 988 1080 1054 quo
1102 975 1225 1055 tempe-

65 1075 148 1135 state
169 1067 344 1158 naufragus
367 1069 514 1136 Siculum
535 1070 664 1138 Silenus
686 1069 760 1137 litus
783 1070 924 1160 appulit:

238 1159 265 1236 ὦ
284 1169 411 1262 Βρόμιε
434 1177 501 1260 (ait)
524 1173 581 1241 διό
603 1200 640 1243 οε
660 1172 797 1263 μυρίους
819 1174 881 1261 ἔχω
902 1173 1025 1254 πόνους

239 1280 309 1357 νῦν,
328 1280 364 1366 χ’
386 1273 438 1345 b't'
462 1281 497 1344 ἐν
518 1274 585 1372 ἥβῃ
608 1279 733 1369 τούμὸν
754 1281 913 1362 niqaion
934 1283 1047 1369 δέμας.

239 1386 371 1469 πρῶτον
391 1392 461 1472 μὲν,
482 1384 572 1466 ἡνίκ’
596 1388 745 1475 ἐμμανὴς
760 1382 869 1474 Ἥρας
889 1382 966 1468 iimo,

171 1477 174 1483 ¹
237 1487 370 1579 νύμφας
392 1491 502 1582 ὀρείας
525 1492 665 1561 ἐκλιπών
684 1492 770 1585 ᾤχου
788 1492 939 1584 τροφούς.

192 1599 215 1663 5
241 1596 354 1663 ἔπειτα
378 1597 411 1660 d'
436 1597 670 1690 cippiynyemi
689 1599 801 1687 μάχην
827 1601 925 1688 δορός

236 1705 378 1786 ἐνδέξιος
400 1707 447 1798 σῷ
468 1688 549 1772 nodi
569 1709 806 1795 παρασπιστὴς
827 1708 927 1794 γεγώς

234 1807 446 1896 Ἐμκὲλαὸον,
468 1809 559 1878 ἰτέαν
577 1810 623 1890 εἰς
646 1817 753 1902 μέσην
775 1817 897 1893 θένων,
920 1817 995 1902 δορὶ

235 1915 363 1983 ἔκτεινα
405 1955 1039 1968 ————————

173 2025 213 2089 10
239 2026 297 2088 καὶ
320 2022 379 2087 νῦν
401 2020 533 2088 ἐκείνων
553 2020 677 2109 μείζον’
701 2023 846 2105 &arctoi
866 2018 980 2093 πόνον.

232 2130 304 2193 ἐπεὶ
324 2128 390 2216 γάρ
404 2123 496 2216 Ἥρα
519 2132 573 2196 σοὶ
595 2131 686 2213 γένος
709 2125 914 2216 Τορσηνικόν

235 2230 367 2324 λῄστοῖν
389 2237 544 2321 ἐνῶρσεν,
565 2234 610 2312 ὠς
631 2234 794 2317 (idedeina
814 2233 956 2323 μακράν,

234 2340 294 2431 ε’μό
317 2345 510 2427 πυθομένας
531 2344 598 2409 κτλ.

62 2446 190 2513 Etenim
212 2450 299 2539 quod
326 2451 397 2540 ipse
419 2448 559 2539 aliquam
582 2474 624 2516 ex
646 2450 698 2516 dei
718 2451 821 2540 passis
844 2447 979 2539 gloriam
1002 2459 1131 2540 captare
1153 2458 1222 2515 stu·

62 2553 131 2635 det,
158 2552 240 2623 haec
263 2557 383 2646 optima
405 2565 455 2621 est
475 2557 612 2647 Satyrici
641 2559 768 2647 generis
801 2551 980 2621 οὐτιδανοῦ
1011 2556 1222 2623 adumbratio.

62 2659 100 2724 cf.
124 2659 314 2728 Welclrerus
338 2662 418 2727 Add.
441 2685 472 2750 p.
494 2664 557 2727 297
579 2687 650 2752 sqq.

147 2765 301 2831 Ceterum
332 2788 398 2830 non
429 2766 615 2848 defuerunt,
648 2769 701 2856 qui
734 2770 872 2856 primum
904 2767 1051 2857 Epigene
1084 2769 1222 2835 docente

60 2869 194 2936 vocibus
216 2872 298 2936 istis:
335 2866 433 2934 οὐδὲν
459 2869 541 2957 πρὸς
562 2867 725 2940 Διόνυσον
755 2874 939 2940 resonuisse
966 2872 1091 2939 theatra
1115 2874 1221 2941 trade-

59 2985 145 3058 rent3
175 2977 261 3066 quod
290 3000 387 3067 quam
415 2979 544 3067 egregie
572 2987 702 3044 nostrae
735 2980 876 3067 opinioni
905 2980 1012 3043 faveat
1036 3000 1132 3044 nemo
1154 3002 1221 3045 non

59 3081 155 3147 videt.
204 3082 291 3149 Nam
325 3107 399 3151 cum
427 3084 589 3174 Epigenes
619 3095 651 3151 et
675 3085 845 3174 Sicyonius
877 3093 963 3150 esset
995 3093 1028 3151 et
1057 3083 1218 3172 Sicyoniis

60 3210 171 3252 coram
192 3211 268 3254 suas
290 3191 421 3257 doceret
442 3190 581 3272 fabulas,
611 3201 701 3282 patet
725 3190 799 3258 hinc
820 3195 853 3258 in
876 3190 990 3256 eadem
1016 3189 1158 3270 civitate,
1186 3189 1219 3255 in

60 3316 122 3381 qua
145 3295 310 3383 tragoedia
328 3298 389 3362 ista
410 3296 511 3385 lyrica
532 3299 671 3386 primurn
696 3300 918 3363 innotescente
948 3293 1147 3383 dithyrambo
1180 3294 1219 3362 ab

58 3398 214 3487 indigenis
237 3399 387 3468 heroibus
411 3403 451 3468 ad
473 3402 610 3492 Dionysi
632 3402 753 3469 cultum
776 3403 1008 3482 deflecteretur,
1028 3423 1096 3467 non
1117 3400 1218 3467 multo

58 3514 133 3592 post
153 3504 299 3596 Dionyso
330 3510 495 3598 primarias
523 3532 650 3576 rursum
678 3520 786 3599 partes
817 3504 1054 3599 quodammodo
1082 3516 1219 3597 ereptas,

59 3609 278 3703 Graeciaeque
308 3614 456 3681 heroibus
490 3600 557 3682 fere
589 3616 735 3682 omnibus
763 3618 925 3683 restitutos
949 3636 1036 3695 esse,
1063 3623 1219 3678 renuente

58 3716 187 3805 quidem
220 3720 355 3808 populo,
389 3721 448 3788 sed
478 3723 645 3789 victoriam
678 3732 746 3789 arte
778 3729 971 3813 reportante.
1014 3719 1052 3785 cf.
1076 3719 1165 3785 Suid.
1186 3742 1218 3783 v.

56 3817 156 3887 οὐδέν
176 3824 258 3912 πρὸς
281 3825 339 3892 τόν
354 3825 527 3896 Διόνυσον.
561 3827 686 3895 Friebei
700 3827 812 3896 Dram.
825 3830 931 3915 Satyr.
943 3827 1057 3915 fragm.
1070 3846 1100 3911 p.
1111 3824 1215 3887 2-11

127 4092 282 4144 Welckerns
299 4091 328 4143 in
345 4094 414 4148 Add.
431 4096 530 4151 Aeseh.
548 4096 634 4148 denus
652 4110 796 4162 aggressus
814 4097 855 4146 est
873 4109 901 4159 p.
914 4091 967 4144 279
986 4093 1042 4141 not.
1061 4089 1127 4154 2423
1146 4090 1218 4141 Her·

125 4194 215 4231 mann.
233 4182 297 4233 Eur.
316 4181 390 4246 Cycl.
408 4185 493 4251 praef.
510 4201 537 4251 p.
554 4186 591 4236 XI
608 4182 636 4236 in
655 4180 768 4234 zenobii
785 4182 845 4232 loco
865 4172 1054 4247 προςεισάγειν
1072 4177 1216 4242 legendum

128 4280 187 4315 esse
205 4268 351 4323 contendit.
369 4298 404 4309 -
