2798 4666
1150 259 1224 333 265

61 435 179 528 Bergk.
199 438 380 505 Comment.
402 462 433 530 p.
455 439 527 504 429.
550 473 592 487 -·
615 437 666 503 De
689 438 812 506 inscitia
835 461 917 507 voce
939 441 1075 508 canendi
1096 440 1228 509 hlenan·

62 543 185 715 gr&
213 542 362 633 Epiclero
392 544 499 612 fabula
530 553 635 612 exstat
662 544 794 632 insignis
824 543 914 612 locus
946 569 995 636 ap.
1024 545 1114 614 Stob.
1142 544 1226 612 Flor.

176 699 185 729 ‚
209 651 257 714 11.

565 747 676 844 ὥσπερ
699 755 765 820 τῶν
783 755 893 843 χοριίν

256 862 294 928 οὐ
318 860 439 940 σοίντις
462 858 584 951 ᾄδονσ’
609 857 685 930 ἀλλ’
710 859 842 948 ἄφωνοι
864 857 924 927 δύο
947 866 1032 938 τινές

255 964 277 1048 ἢ
298 977 382 1056 τρεῖς
403 965 633 1057 παρεστήκασι
656 965 789 1034 πάντων
812 967 945 1054 ἔσχατοι

254 1070 300 1152 εἰς
322 1076 381 1141 τὸν
402 1072 564 1163 ἀριθμὸν.
587 1076 654 1141 κτλ.

61 1206 158 1274 quem
181 1205 241 1274 ego
265 1184 305 1250 de
329 1182 438 1272 cycliis
460 1182 581 1265 choris,
611 1204 709 1273 quam
732 1183 773 1249 de
794 1184 924 1273 tragicis
945 1192 1001 1249 aut
1022 1185 1154 1252 conticis
1175 1187 1224 1252 in·

60 1289 215 1380 tellegere
236 1289 322 1356 malo
351 1288 541 1375 (Meinekius
562 1287 634 1355 hist.
658 1291 725 1356 crit.
748 1312 779 1378 p.
802 1288 889 1373 441).

144 1393 260 1486 Neque
287 1398 320 1462 in
354 1397 518 1462 communi
550 1393 614 1461 hcc
648 1395 763 1460 artium
795 1392 938 1484 periculo
968 1395 1076 1484 poesis
1105 1397 1226 1464 intacta

60 1505 182 1568 servari
203 1504 322 1592 potuit3
344 1502 412 1584 sed,
436 1524 533 1593 quam
554 1499 655 1568 multa
683 1502 880 1568 comicorum
909 1522 1065 1568 censurae
1096 1501 1226 1592 probari

58 1631 124 1673 non
146 1618 344 1698 possent-
364 1617 401 1673 ut
421 1607 720 1673 vehementissimos
751 1630 864 1673 eorum
890 1609 924 1673 in
950 1607 1090 1698 tragicos
1111 1617 1224 1699 poetas
1313 1610 1317 1616 ’
1370 1641 1382 1663 ⁸

58 1716 198 1803 impetus
227 1717 365 1796 mittam,
386 1751 429 1762 —
450 1713 635 1780 testimonio
657 1720 733 1778 sunt
755 1714 940 1801 frequentes
962 1735 1075 1780 eorum
1095 1713 1135 1780 de
1153 1737 1225 1781 car-
1247 1711 1250 1717 ⁵

58 1821 195 1885 minibus
218 1818 455 1907 dithyrambicis
476 1819 645 1908 nomisque
668 1827 699 1883 et
722 1817 883 1907 querellae
907 1828 939 1884 et
957 1821 1033 1908 joci.
1075 1820 1183 1908 Atque
1204 1841 1225 1888 a

58 1926 162 1991 nomis
184 1934 221 1991 ut
249 1926 369 2008 ordiar,
402 1925 560 1993 rodebant
582 1925 697 1991 comici
724 1924 877 2013 imprimis
900 1925 1021 2014 Argam
1048 1946 1224 2013 pravorum

58 2054 230 2098 nemorum
250 2042 396 2122 poetam,
419 2056 517 2122 quem
538 2031 677 2099 Phanias
700 2029 833 2096 Eresius
853 2028 968 2096 Athen.
991 2027 1083 2099 XIV.
1104 2054 1136 2120 p.
1158 2031 1223 2098 638

59 2161 135 2204 cum
157 2139 310 2205 Telenieo
333 2148 365 2205 et
391 2141 462 2227 ipso
489 2148 660 2228 poetarum
687 2137 828 2227 pessimo
857 2136 1032 2227 conjungit
1073 2135 1224 2206 Eundem

57 2246 185 2310 irrisum
205 2243 279 2334 lege
303 2246 341 2310 ab
363 2244 592 2311 Anaxandridc
617 2244 650 2309 in
672 2241 820 2309 Protesil.
843 2243 881 2308 fr,
897 2241 919 2308 l.

311 2346 437 2438 Ἀργᾶν
459 2346 494 2414 δ’
520 2347 614 2438 ᾄδειν
635 2352 694 2415 καὶ
714 2345 902 2435 κιθαρίζειν
924 2389 961 2404 ψ-

61 2466 93 2520 et
115 2479 164 2546 ap.
187 2455 358 2524 Alexidem
379 2456 493 2524 Athen.
515 2457 605 2539 XlV,
626 2481 658 2547 p.
680 2457 744 2522 638
766 2456 803 2522 C.
834 2496 837 2501 ,
943 2498 946 2502 -

251 2560 285 2626 τί
306 2563 388 2653 πρὸς
409 2563 469 2630 τὸν
484 2560 608 2653 Ἀργᾶν
632 2551 746 2645 odram,-
773 2560 895 2649 ἡμέρας
917 2559 1030 2651 δράμω

253 2669 418 2754 κρείττων.

58 2774 173 2840 Sermo
196 2772 238 2836 ibi
261 2781 310 2837 est
332 2773 371 2838 de
389 2771 586 2853 Choronic0‚¹
605 2774 660 2860 qui
682 2782 715 2839 et
734 2775 805 2863 ipse
826 2795 999 2840 nemorum
1015 2782 1113 2860 poeta
1130 2775 1221 2842 vide-

58 2887 110 2944 tur
132 2879 238 2944 fuisse.
281 2876 334 2944 Ex
355 2877 427 2943 sola
450 2878 535 2943 enim
555 2875 693 2944 Alexide
714 2879 865 2944 innotuit:

190 2978 373 3071 Χορόνικος
394 2981 413 3047 ὁ
432 2982 571 3064 ποιητὴς
591 2980 648 3050 ὁδί

192 3091 299 3154 Τινῶν
320 3089 459 3169 ποιητὴς
481 3085 659 3179 ᾀσμάτωνς
678 3089 721 3157 Β.
741 3089 881 3177 Σεμνῶν
902 3085 1003 3154 πάνυ.
1023 3091 1094 3158 κτλ.

57 3201 179 3262 Horum
201 3206 370 3285 poetarum
391 3192 506 3282 νόμοι,
534 3198 575 3266 dc
597 3198 711 3289 quibus
734 3195 808 3263 alibi
827 3193 904 3262 nihil
926 3196 1055 3263 omnino
1079 3196 1221 3280 traditur,

56 3302 144 3368 haud
166 3304 232 3368 scio
256 3326 296 3368 an
318 3298 417 3387 νόμοι
437 3301 563 3368 κὺκλιοι
583 3304 716 3384 luerint,
747 3303 802 3392 qui
823 3323 873 3390 ap.
895 3300 1020 3368 Polluc.
1037 3301 1221 3387 Onole,

60 3411 100 3474 10
122 3408 245 3496 Pythiis
270 3419 490 3499 opponuntur:
519 3406 557 3491 „d
580 3410 616 3474 δὲ
637 3404 782 3474 Σακάδα
803 3405 905 3492 νόμος
927 3404 1098 3491 Πυθικός,
1130 3410 1164 3476 οἱ
1185 3409 1221 3474 δὲ

59 3512 164 3580 Εὐΐοο
190 3509 325 3581 κύκλιοι.
371 3514 475 3604 Cyclii
495 3539 573 3583 vero
594 3516 684 3582 nomi
709 3513 821 3605 quales
842 3514 960 3581 fuerint
985 3515 1122 3583 fortasse
1140 3515 1220 3583 Plu-

58 3620 186 3687 tarchus
210 3621 250 3687 de
272 3621 353 3686 lllus.
372 3643 399 3687 c.
415 3620 460 3687 lV
478 3620 664 3709 explicabit:
693 3613 747 3687 ίίτι
769 3620 804 3686 δὲ
826 3620 859 3685 οἱ
879 3621 1101 3710 κιθαρῳδικοὶ
1122 3616 1221 3704 νόμοι

58 3728 90 3790 οἱ
112 3722 218 3794 natat
243 3727 277 3808 ἐξ
305 3725 393 3790 ἐντῶν
422 3725 619 3807 ξυνίσταντο
646 3726 817 3812 Τιμόθεος
843 3724 998 3807 ἐδήλωσε.
1042 3723 1119 3802 τοὺς
1139 3723 1222 3809 γοῦν

58 3829 207 3918 πρώτους
238 3829 361 3918 νόμους
399 3833 434 3896 ἐν
468 3831 560 3897 ἔπεσι
598 3829 804 3924 διαμιγνύων
842 3830 1098 3920 διθυραμβικὴν
1133 3832 1221 3914 λέξιν

58 3926 147 4028 ᾖδεν,
169 3933 258 4016 ὅπως
278 3938 324 4024 μὴ
348 3935 454 4016 εὐθὺς
473 3937 566 4028 φανῇ
591 3939 841 4025 παρανομῶν
865 3931 925 4014 εἰς
946 3935 1021 4017 τὴν
1043 3931 1221 4024 ἀρχαίαν

56 4044 267 4130 μουσικὴν.
289 4084 332 4093 -
352 4045 425 4114 Nec
445 4069 510 4114 non
531 4045 769 4136 frequentatum
790 4053 824 4112 et
842 4045 978 4112 numicis
996 4053 1030 4111 et
1045 4043 1219 4134 dithyram-

57 4150 206 4218 iambicis
236 4153 340 4242 poetis
367 4153 537 4220 exordium
568 4146 660 4239 ἀμφὶ
678 4173 737 4238 μοι
765 4145 871 4216 αὐτὸν
902 4143 1034 4235 ἄναχθ’
1067 4149 1221 4241 parodiae
1302 4187 1306 4193 ·

57 4257 131 4325 lusu
169 4258 306 4326 riserunt
343 4259 467 4326 comici.
529 4260 586 4328 Sic
615 4257 770 4350 Cratinus
810 4280 829 4325 a
864 4256 965 4326 Suida
990 4254 1014 4339 l,
1045 4278 1118 4346 pag.
1149 4254 1221 4336 144,

978 4363 1018 4427 18
