2798 4672
181 238 256 313 190

173 427 247 514 jure
273 421 462 491 dictitantes,
515 421 609 505 Quae
638 418 750 511 populi
779 417 900 487 lasciva
928 420 1017 486 initio
1046 418 1208 488 cam‘llatio
1234 445 1279 489 ne
1305 425 1341 491 in

177 538 321 619 apertam
341 527 593 616 indignationem
615 535 797 617 erumperet
816 525 967 594 Pratinas
990 524 1121 593 artifieio
1143 519 1340 616 prohibitum

178 644 313 701 estnon
334 636 403 699 sinc
424 656 510 700 nova
532 634 629 699 etiam
651 634 793 722 tragicae
816 634 891 698 artis
909 631 1155 724 amplificatione
1182 643 1215 700 et
1229 633 1339 701 Phlia-

176 743 297 807 siorum
319 740 436 830 adepta
456 739 567 829 gloria,
590 763 665 806 cum
686 739 834 806 Pratinas
856 737 1008 806 Phliunte
1033 740 1187 807 oriundus
1209 739 1338 809 drama-

176 849 216 913 tis
245 847 374 935 satyn‘ci
407 847 557 912 inventor
583 848 686 911 iactus
720 868 786 910 non
822 844 928 911 solum
958 847 1249 936 ipsepraecipuus
1275 845 1339 915 hoc

175 976 294 1043 genere
316 959 414 1042 poeta
434 949 615 1032 haberetur,
642 951 699 1017 sed
721 951 872 1017 Aristium
895 974 1023 1041 quoque
1046 950 1147 1019 filium
1166 953 1200 1018 in
1222 952 1338 1021 eadem

175 1071 243 1128 arte
271 1059 438 1147 egregium
469 1057 528 1122 sibi
561 1058 725 1146 genuisset
754 1062 1052 1141 successorem⁸⁴).
1096 1059 1203 1147 Atque
1232 1060 1338 1151 prima

174 1174 279 1232 aetate
302 1162 431 1252 quidem
446 1161 629 1250 Satyricum
645 1163 756 1229 drama
774 1162 960 1252 tragoediae
980 1164 1199 1253 praecessisse
1220 1188 1337 1232 caussa

173 1293 239 1337 non
262 1277 319 1350 est,
347 1289 406 1333 cur
426 1269 554 1333 testanti
575 1268 720 1335 Zenobio
741 1268 762 1335 l.
784 1291 812 1336 c.
835 1291 901 1335 non
923 1270 1093 1347 credamus
1107 1275 1168 1354 ⁸⁶).
1209 1271 1336 1357 Quem-

174 1438 374 1453 fl

186 1626 189 1631 .
210 1544 406 1689 μὲὶῑατὺρους
424 1547 508 1647 igitir
525 1547 552 1602 b.
566 1550 584 1600 l.
604 1534 652 1616 pro
671 1549 790 1646 dramate
803 1549 938 1688 tSactyricp)
947 1548 1134 1688 accipip,lqup
1146 1536 1229 1687 {mii
1242 1566 1336 1690 rocerp

269 1652 366 1704 ατυρος
382 1648 539 1702 saepissime
558 1650 611 1685 usu
627 1652 736 1701 renrsse
753 1651 800 1703 pos
856 1653 921 1688 assu
940 1653 1021 1688 onum
1051 1652 1117 1690 ..e
1170 1651 1204 1687 en
1227 1650 1315 1703 .ep1s

241 1724 277 1775 ad
294 1722 362 1774 Mill.
380 1738 408 1788 p.
425 1722 479 1774 465
503 1736 595 1788 opusc.
613 1720 688 1788 Lips.
716 1738 769 1774 non
794 1722 862 1789 opus
888 1727 942 1789 est,
965 1724 1056 1775 niultis
1081 1721 1214 1790 exemplis
1235 1723 1336 1775 contii-

242 1825 325 1862 mare.
360 1810 455 1876 ltaque
472 1807 577 1860 Erasini
593 1807 699 1874 Adagg.
716 1826 744 1877 p.
762 1808 806 1875 34,
824 1810 876 1864 137
899 1808 1086 1879 interpretatio
1109 1809 1191 1874 hnjns
1207 1809 1264 1863 loci
1281 1826 1335 1863 non

239 1896 379 1965 probanda
402 1899 457 1946 est:
485 1896 579 1961 „Cum
601 1894 678 1949 initio
704 1895 778 1949 chori
802 1895 829 1947 in
853 1897 987 1950 Bacchum
1014 1913 1111 1949 canere
1138 1894 1334 1960 dithyrambnm

242 1986 361 2037 solerent
377 1986 472 2049 postea
489 1985 586 2049 poetae
605 1981 638 2031 ab
658 1981 710 2033 hoc
729 1982 902 2035 desciscentis
928 2000 1001 2035 more
1018 1983 1116 2048 Aiaces
1136 1987 1164 2035 et
1182 1983 1333 2036 Centauros

242 2072 359 2125 scribere
379 2070 556 2127 conabantur.
591 2067 671 2123 Quod
690 2084 750 2120 oum
768 2068 910 2120 irriderent
927 2074 1110 2137 spectatores,
1134 2068 1201 2121 nihil
1224 2069 1277 2123 hoo
1298 2070 1333 2123 ad

239 2156 377 2211 Bacchum
397 2154 567 2220 dictitantes,
594 2160 692 2222 poetae
709 2154 743 2206 in
761 2154 1051 2222 dithyramborum
1069 2154 1167 2224 quasi
1186 2156 1332 2211 exordio

241 2248 382 2310 Satyros
401 2241 627 2306 induxerunt;
644 2258 679 2293 nc
697 2241 773 2294 obliti
792 2258 851 2295 esse
867 2244 968 2296 Bacchi
987 2241 1173 2296 dicerentur.’'

208 2347 244 2415 ⁸⁵)
261 2347 415 2400 Welckerns
433 2345 462 2396 in
481 2345 585 2410 Trilog.
601 2345 805 2413 Aesch1›.507
823 2346 870 2398 ubi
888 2345 922 2398 de
939 2346 1065 2412 Aeschyli
1081 2346 1184 2413 Satyris
1201 2346 1332 2415 loquitur,

240 2435 308 2487 haec
337 2429 418 2483 dicit:
447 2435 533 2492 „Dus
557 2432 713 2498 Satyrspiet
739 2433 922 2493 (Prometheus
940 2434 1086 2501 Pyreneus)
1113 2449 1185 2485 mess
1211 2436 1266 2501 eof
1287 2434 1331 2487 dis

239 2520 503 2584 Abendditmmerunp
522 2517 661 2570 berechnet
679 2533 801 2583 pewesen
823 2521 895 2586 sein,
917 2520 1014 2573 welche
1037 2520 1116 2571 teictt
1137 2519 1332 2587 maspetum-

239 2606 375 2656 messeio
393 2603 498 2668 tonate,
517 2619 594 2655 menn
617 2604 659 2655 die
677 2604 910 2672 Mittr'tmpfenden
933 2608 983 2660 nsit
1000 2606 1076 2659 ibren
1093 2604 1210 2658 Stttcirea
1227 2610 1329 2660 vosuis-

239 2694 336 2759 9iupen
352 2691 444 2740 zrsmnt
463 2706 498 2740 an
515 2689 632 2742 bttrzern
652 2692 756 2756 Topos,
779 2691 938 2758 jenncbrtem
961 2696 1004 2745 die
1021 2693 1179 2745 anseszeit
1196 2694 1247 2746 sies·
1263 2694 1330 2746 nto-

238 2781 333 2845 nysien
349 2793 408 2829 war
426 2775 565 2842 [Philostr.
583 2777 614 2829 V.
632 2778 663 2829 A.
682 2777 736 2842 vlt,
756 2779 798 2829 ll.
813 2795 839 2845 p.
854 2780 926 2845 2541.
962 2780 1080 2832 Fretticb
1097 2782 1184 2832 eudes
1200 2778 1270 2831 sset
1285 2780 1328 2831 dis

238 2867 404 2919 Eumenides
420 2867 468 2915 mit
487 2866 571 2915 sineru
589 2863 755 2930 Faesulanus
772 2867 827 2917 und
843 2869 924 2918 sollte
948 2868 1047 2919 diesem
1071 2868 1115 2919 die
1138 2864 1329 2919 einhechssds

238 2953 329 3005 Nectit
344 2968 380 3003 za
398 2958 445 3018 pet
463 2951 580 3002 hommes
585 2985 595 3011 ,
621 2965 651 3001 so
670 2950 738 3003 bliet
756 2951 890 3002 vielteicbt
909 2953 957 3019 sair
973 2955 1024 3005 ctas
1041 2954 1197 3021 Sntprspiet
1214 2954 1329 3023 Proteus

236 3059 272 3092 zu
288 3042 374 3105 westie
392 3038 471 3089 Licbt
488 3037 574 3102 iibrip.
610 3036 715 3087 Ebenso
734 3053 811 3088 wesen
830 3054 892 3088 mun
909 3040 946 3089 im
962 3040 1098 3106 Nnupttos
1115 3041 1163 3091 des
1181 3037 1328 3104 Sophocles

240 3131 282 3180 die
301 3124 462 3177 titnschende
480 3123 578 3174 Faciet
604 3125 656 3190 aas
675 3124 733 3174 dem
754 3123 975 3189 Kaphareiscben
1000 3126 1161 3193 Vorpebirpe
1182 3125 1241 3177 sicis
1261 3140 1328 3193 pers

239 3216 280 3266 als
298 3211 417 3264 uetitas
435 3211 536 3263 desiisse
554 3210 670 3275 mittite,
688 3210 742 3261 aad
760 3210 876 3284 ntsdenn
894 3227 938 3263 am
956 3212 1069 3264 tietsres
1086 3212 1159 3264 nieht
1178 3228 1222 3263 um
1239 3211 1326 3265 tetus

238 3304 320 3365 Taya,
339 3297 456 3348 entsteht
475 3300 518 3349 die
538 3300 636 3363 Fruge,
656 3296 688 3347 ob
706 3295 815 3348 monete
833 3297 1003 3365 Satyrspiele
1021 3299 1157 3351 rietteicbt
1175 3299 1216 3350 on
1233 3300 1264 3350 iss
1281 3300 1324 3351 die

236 3387 303 3451 tiefe
322 3388 486 3451 Dia'namrunp
508 3386 573 3436 oder
590 3383 661 3435 wohl
684 3400 736 3451 yar
754 3384 795 3435 bei
819 3386 893 3436 eines
910 3402 947 3436 zu
965 3385 1048 3438 iissem
1066 3386 1158 3438 hebuit
1175 3386 1327 3452 pussendes

237 3471 419 3537 Beleucbtnsp
437 3472 554 3538 pepebes
563 3472 673 3523 worden
690 3473 749 3523 sein
767 3473 892 3538 inopem
923 3472 999 3523 Unde
1010 3472 1090 3525 simul
1102 3475 1135 3525 V.
1146 3475 1180 3526 D.
1192 3470 1327 3525 wntentis

236 3557 397 3625 perspicitur
414 3562 518 3622 satyros
539 3559 573 3609 ab
591 3556 716 3627 Aeschyli
733 3557 797 3609 inde
820 3563 941 3626 tempore
965 3575 1072 3626 semper
1095 3558 1250 3625 tragoedias
1272 3574 1328 3611 se-

234 3651 333 3698 cutos
352 3661 421 3697 esse.
449 3644 521 3701 Quid
539 3641 624 3696 vero?
640 3644 664 3697 si
681 3644 721 3697 sic
738 3648 855 3697 statuas:
872 3645 901 3697 in
914 3644 1067 3697 universnm
1080 3644 1235 3711 tragoedias
1248 3660 1327 3715 prae-

235 3730 349 3785 cessisse
366 3730 477 3796 satyris,
494 3731 542 3781 sed
560 3729 717 3799 saepissime
735 3731 806 3784 hunc
824 3731 945 3785 ordinem
962 3730 1097 3783 inversum
1115 3746 1193 3795 esse,
1219 3732 1326 3801 siquid

233 3817 383 3885 splendoris
400 3816 463 3867 inde
481 3816 680 3881 tragoediarum
698 3818 840 3885 apparatui
856 3819 1073 3872 subnasceretur.
1102 3818 1146 3871 Cf.
1158 3820 1200 3872 W.
1217 3818 1326 3873 Gentbe

234 3905 305 3957 ltstt.
323 3903 456 3955 Attondt.
474 3903 540 3955 tiber
564 3905 614 3955 dos
630 3906 787 3971 Satyrsptel
804 3923 832 3972 p.
849 3907 893 3959 59.
928 3908 954 3957 ls
978 3910 1080 3970 satyros
1106 3907 1140 3959 ab
1164 3904 1244 3959 initio
1266 3905 1328 3975 qui·

234 3992 295 4043 dem
314 3989 467 4058 auspicatos
486 4005 546 4042 esse
564 3990 717 4058 suspicatur
735 3992 883 4043 dramatum
900 3992 1036 4058 actiones,
1054 3999 1151 4061 postea
1168 3996 1273 4058 tamem
1291 4008 1326 4043 ne
1374 4034 1377 4039 .

234 4082 400 4144 spectatores
419 4081 568 4142 satyrorum
586 4077 761 4145 protervitate
779 4091 814 4130 as
835 4076 984 4131 festivitate
1001 4081 1037 4131 ad
1053 4079 1191 4133 lasciviam
1208 4078 1327 4149 protrusi

233 4163 391 4228 augustiora
409 4163 571 4229 tragicorum
596 4163 755 4218 histrionum
782 4165 922 4219 conamina
946 4172 1168 4236 aspernarentur,
1190 4170 1255 4235 post
1278 4166 1327 4217 de-

235 4267 305 4301 mum
326 4250 480 4316 tragoediae
499 4251 658 4305 cothurnum
669 4253 777 4318 Satyros
792 4251 948 4320 prosiluisse
965 4254 993 4307 in
1011 4271 1119 4308 scenam
1137 4258 1221 4309 retur.
1257 4255 1325 4307 Rern
