2798 4666
159 232 207 304 18

159 413 341 483 Alcibiades
364 413 502 481 eandem
523 412 733 480 Timandram
759 411 906 481 inbellis
930 413 1321 483 circumduxisre'aeeum

160 522 261 587 fertur
278 540 348 588 una
365 539 440 586 cum
462 516 633 586 'l'heodota
655 518 760 586 Attico
782 516 907 600 coorto,
935 538 1073 610 quarum
1094 521 1321 590 consuetudini

160 628 258 716 igitur
278 628 320 694 ab
337 625 464 716 Olymp.
476 621 563 708 XCl,
582 625 606 692 4
622 646 732 717 usque
753 624 945 717 ad01ymp.
961 617 1075 709 XCIII,
1096 628 1120 692 2
1139 629 1323 696 assueverit

160 752 296 800 necesse
318 742 375 800 est.
420 732 488 799 lam
509 730 667 823 fingamus
679 731 897 828 Timandram,
920 726 995 800 c'unr
1015 732 1055 799 ab‘
1065 732 1235 802 -Alcibiade
1253 737 1321 826 pri·

161 862 252 907 mum
279 838 380 907 amari
408 834 566 929 eoeperit,
596 855 699 904 annor
714 835 880 905 habuis'ee
903 833 995 921 xxc
1014 833 1056 906 eo
1079 849 1322 932 ·temporu···quo

163 948 313 1037 effugisse
335 965 410 1013 cum
430 941 615 1012 Philoxeno·
628 938 742 1011 dicitur
760 937 891 1011 minime
909 938 1323 1037 quadragesimum'agebat

164 1055 325 1144 quintum;
354 1058 450 1141 atque
472 1051 529 1119 vix
551 1049 697 1140 dignum,
724 1049 812 1141 quod
832 1061 969 1159 tyranno
992 1061 1162 1142 acceptum
1181 1053 1323 1120 reterre·

163 1169 230 1240 tur,
256 1159 388 1225 donum
410 1175 482 1224 esee
509 1157 652 1246 potuit·
674 1149 786 1246 ltaque
811 1159 841 1223 si
867 1179 982 1224 verum
1004 1159 1137 1241 estl'-
1157 1167 1190 1225 et
1210 1154 1322 1250 quidni

75 1339 77 1344 ,
164 1265 334 1331 credamus
353 1281 468 1330 verum
487 1261 589 1330 erse?
610 1258 904 1346 wlPhiloxenurir
920 1258 1065 1355 aliquem
1088 1261 1164 1337 νοω,
1185 1265 1322 1333 Timan-

165 1370 222 1437 dra
242 1367 352 1437 Laidis
377 1371 476 1437 scorti
504 1377 609 1435 matre
635 1390 653 1434 e
683 1366 791 1435 Sicilia
814 1368 1005 1437 Corinthum
1036 1369 1212 1461 appulisee,
1239 1370 1323 1439 aliur

164 1498 293 1543 rursum
309 1474 364 1543 hic
378 1477 437 1542 tuit
447 1469 655 1565 Philoxenus,
663 1471 733 1540 'non
747 1472 919 1562 Cytherius
937 1476 996 1542 ced
1009 1474 1203 1562 Leucadius,
1211 1500 1322 1570 :quem

164 1580 336 1649 Alcibiadis
358 1601 424 1649 non
447 1590 661 1648 coaetaneum
683 1588 818 1663 tantum,
839 1581 898 1648 sed
913 1579 1084 1650 convivam
1106 1585 1202 1652 etiarn
1222 1587 1324 1652 tunsae

163 1687 197 1751 in
220 1684 342 1752 Calliae
364 1685 466 1776 epulis
487 1687 553 1754 iam
574 1708 672 1776 snpra
694 1685 842 1754 diximus.
896 1689 1067 1756 Sauriam,
1096 1690 1137 1758 de
1164 1689 1322 1758 Cerintho

165 1793 198 1857 in
229 1793 433 1879 „Bcitrdqo
460 1815 528 1861 zur
554 1814 748 1880 qctroueren
775 1793 964 1882 Kerintnise
991 1792 1052 1864 der
1080 1798 1173 1863 alten
1206 1797 1321 1863 Wett”

166 1897 259 1964 Tom.
270 1896 293 1980 l,
305 1920 336 1988 p.
352 1900 413 1963 197
431 1908 465 1965 et
478 1899 575 1966 Bone
589 1900 707 1966 Geceb.
719 1901 780 1967 der
791 1899 868 1975 bell.
881 1900 1017 1967 Diebth.
1029 1901 1121 1968 Tom,
1132 1899 1167 1984 ll,
1177 1903 1207 1969 2.
1218 1903 1322 1994 p.318

165 2003 357 2072 scholiastae
380 2006 490 2072 ¹verbis
520 2000 599 2072 nihil
620 2000 786 2098 diffidunt·
827 2001 952 2072 Eadem
979 2004 1072 2073 aliter
1093 2009 1323 2099 interpretetur

165 2111 385 2178 Benearnum
395 2109 443 2160 -’
449 2108 649 2180 Versabatur
667 2112 765 2203 igitur
780 2110 1006 2204 alter-quoque
1017 2112 1322 2182 Philoxenushauu

167 2219 262 2285 dubie
288 2240 348 2306 per
377 2215 506 2305 aliquod
532 2228 661 2309 tempus
680 2218 722 2282 -in
745 2215 868 2298 Sicilia,
897 2238 1005 2308 neque
1033 2242 1148 2287 caussa
1171 2229 1235 2300 est,
1261 2240 1324 2287 cur

167 2326 338 2413 propterea
368 2320 618 2388 dubitationem:
636 2321 806 2386 suscitaret
841 2319 884 2385 D.
917 2324 1211 2388 Wrrreumcmuc
1243 2322 1264 2388 l.
1299 2322 1320 2390 Ι.

168 2427 292 2515 Quidni.
317 2427 403 2494 enim
431 2425 565 2516 gulosum
589 2426 774 2514 iste-genio
801 2426 966 2514 profectus
992 2428 1025 2493 in
1046 2425 1188 2494 Siciliam
1209 2430 1251 2494 ait
1279 2429 1324 2496 ob

167 2545 269 2602 artem
305 2533 524 2624 coquinarium
558 2530 598 2599 oo
632 2540 778 2620 tempore
810 2532 1056 2599 famosissimam
1090 2531 1191 2618 (conf.
1225 2535 1322 2602 Arist.

165 2639 291 2708 Daetal.
315 2662 364 2730 ap.
387 2637 502 2705 Athen.
524 2633 595 2706 Xll,
613 2660 647 2728 ·p.
664 2637 790 2724 amc.)
817 2658 915 2727 quem
943 2649 1070 2706 constat
1097 2660 1140 2706 ex
1162 2638 1322 2708 Clearcho

166 2768 294 2840 quoque
313 2747 347 2812 in
369 2747 471 2836 patria
492 2744 628 2835 aliisque
649 2742 780 2810 urbibm
802 2744 1078 2812 circumambulari
1096 2744 1324 2830 colitumoaee,

165 2854 260 2945 gulae
282 2854 391 2944 gratia.
435 2850 536 2918 lm'mo
559 2851 600 2918 de
623 2849 739 2916 eodem
754 2847 934 2943 Bhiloxeno
948 2849 1157 2919 Plutarchum
1175 2852 1320 2943 intelligo

165 2963 205 3030 de
228 2960 378 3029 occ-viv.
407 2952 697 3050 pag.199Hucr.
726 2958 775 3040 ¹²)
819 2955 874 3022 ubi
903 2952 956 3022 vel
985 2976 1061 3022 oum
1088 2956 1199 3025 Siculo
1214 2976 1323 3049 para-

165 3071 242 3149 sito,
267 3064 456 3144 Gnathone,
490 3065 680 3145 coniunctus
706 3059 874 3128 exhibetur
902 3081 940 3129 ac
964 3073 1178 3153 comparatur.
1224 3063 1325 3133 Hunc

164 3175 261 3261 igitur
289 3194 331 3237 ex
358 3169 466 3240 Sicilia
494 3155 706 3238 decedentem
732 3177 811 3258 puto
840 3188 914 3234 oum
936 3168 1110 3236 'limandra
1130 3180 1242 3238 scorto
1261 3194 1321 3238 ve·

165 3279 251 3342 nisse
273 3275 480 3357 Corinthum,
512 3276 626 3343 urbem
648 3296 708 3366 per
727 3284 828 3343 totam
849 3270 1070 3365 antiquitatem
1092 3277 1324 3345 ob'oilemiua'-¹

165 3394 232 3450 tarn
263 3380 423 3447 luxuriem
454 3380 711 3463 celeberrimam,
750 3379 837 3448 hunc
869 3401 966 3471 porro
998 3383 1031 3448 in
1065 3382 1202 3451 Graecia
1236 3385 1322 3451 inter

166 3486 288 3556 Calliae
310 3487 444 3552 comites
466 3486 578 3566 luisse,
602 3487 741 3554 eundem
763 3486 901 3579 denique
922 3506 998 3557 cum
1015 3487 1186 3580 aliquando
1199 3487 1321 3581 llpheei

164 3594 205 3661 ad
228 3589 339 3683 epulas
361 3609 427 3656 non
446 3589 597 3656 invitatus
618 3594 776 3673 venisset,
797 3590 1013 3680 hyruenaeum
1034 3614 1131 3686 cupra
1152 3593 1320 3664 laudatum

160 3737 362 3758 Μ

201 3821 233 3886 ¹²)
253 3814 315 3876 τοὺς
330 3813 384 3887 μὲν
401 3810 456 3885 γὰρ
475 3814 538 3885 περὶ
557 3809 708 3870 Φιλόξενον
725 3811 773 3865 τὸν
788 3809 878 3885 'Equiti
881 3813 981 3873 doceo
983 3819 993 3867 t
1011 3815 1149 3874 Γνάθωνα
1166 3817 1216 3874 τὸν
1233 3803 1320 3874 502⁶·-

232 3900 329 3970 λνώτην
346 3903 530 3973 ἐπτοημένους
552 3900 616 3972 περὶ
605 3896 666 3951 ure
689 3891 749 3968 ὄψα
765 3902 898 3969 λέγουσιν
912 3901 1151 3974 ἐναπομύττεσθαι
1141 3911 1235 3967 ιτνῖς
1244 3924 1320 3978 παρ

232 3987 308 4058 duur
274 4006 329 4065 croc
347 4007 422 4050 οπως
439 4006 501 4046 τους
518 3989 714 4044 συνεσθίοντας
733 3985 886 4059 διαοιρέψα
870 4006 1001 4055 emanare
984 3986 1062 4044 αὐτοὶ
1083 3989 1169 4064 μόνον
1189 3996 1245 4061 τῷν
1262 4015 1320 4051 πα.

224 4070 402 4148 ’ρνκενμένων
427 4075 695 4150 ἔμφορηθῶσυ-ν
722 4074 779 4128 Csr.
801 4077 834 4128 A.
858 4077 1021 4131 anrtrrrus
1045 4079 1142 4135 Philol.
1165 4066 1265 4137 Exere.
1290 4085 1320 4137 in

230 4163 326 4216 Athen.
341 4166 420 4232 Spec.
438 4164 449 4216 l
455 4160 569 4233 ,put
588 4161 635 4230 qul
653 4162 702 4214 aab
722 4154 876 4218 Gnathonis'
890 4152 1096 4220 nominelcl'eie
1114 4146 1319 4287 Kidheatraturn

230 4249 389 4316 srrrnloatnr
