2798 4672
1168 238 1242 333 roo

78 422 134 487 tati
155 442 277 502 sumus,
297 428 431 509 apparet
452 421 549 487 ctiam
570 417 658 487 hinc:
682 440 779 509 quam
801 425 876 508 apte
896 419 1060 502 Arionem,
1082 441 1157 487 cum
1178 441 1239 487 no-

75 550 154 593 vum
175 524 373 593 Bacchicum
396 548 526 593 carmen
547 525 579 591 in
602 524 772 593 Graeciam
795 547 838 590 ex
858 522 948 591 ltalia
966 525 1143 608 induceret,
1170 525 1239 593 del-

75 632 178 723 phinis
198 634 409 722 transjectum
430 631 595 725 lingerent.
640 631 727 717 Quid
741 629 827 720 quod
842 629 928 720 apud
942 632 1031 720 ipsos
1047 631 1240 699 Tarentinos

75 737 224 806 Bacchus
246 738 480 826 repraesentari
501 737 627 804 solebat
645 735 795 826 delphino
817 735 984 803 insidens?
1014 735 1132 804 Exstat
1153 737 1239 828 apud

74 843 250 911 Raschium
272 842 352 910 Lex.
374 843 416 925 V,
441 845 455 908 l
480 845 540 909 viri
564 842 714 933 delphino
736 841 901 909 insidentis
923 844 1043 931 imago,
1065 847 1120 932 qui
1139 867 1240 911 manu

75 959 163 1017 tenet
185 973 329 1039 caprum,
352 948 438 1038 quod
457 946 588 1015 Baccho
611 947 771 1014 immolari
788 947 914 1015 solebat
927 947 1061 1030 animal;
1085 949 1240 1030 (Creuzer

75 1057 186 1146 Symb.
209 1056 257 1137 lll,
280 1079 310 1144 p.
335 1057 406 1121 102.
446 1055 600 1122 lllionnet.
622 1054 644 1137 l,
666 1077 697 1144 p.
723 1056 793 1121 147.
828 1052 969 1121 Lorentz
991 1053 1149 1121 derebus
1173 1055 1240 1121 Ta·

74 1165 272 1228 rentinorum
295 1185 376 1229 sacr.
392 1185 423 1252 p.
443 1163 504 1245 ll),
529 1184 636 1250 neque
658 1160 757 1226 alium
777 1159 940 1233 hominem
962 1182 1065 1249 aeque
1088 1158 1238 1249 delphino

72 1279 203 1334 vectum
238 1271 292 1357 qui
325 1292 424 1334 manu
456 1291 537 1334 uvas
563 1266 736 1357 ‘protendit
768 1289 818 1357 ap.
851 1267 959 1356 Beger
993 1264 1090 1333 Thes.
1117 1265 1237 1333 Brund.

73 1373 166 1440 Tom.
183 1373 204 1454 l,
222 1398 252 1463 p.
266 1375 339 1440 332.
362 1372 538 1462 Spanhem.
562 1370 685 1441 dVPN.
709 1392 740 1460 p.
772 1374 833 1438 196
855 1394 930 1440 cum
951 1371 1001 1438 his
1022 1373 1097 1447 viris
1121 1373 1239 1439 doctis·

72 1481 159 1545 simis
183 1481 357 1546 Tarantem
378 1481 621 1561 nominaverim,
642 1477 703 1545 sed
723 1478 832 1567 ipsum
851 1481 958 1568 potius
969 1476 1152 1559 Bocchum,
1180 1478 1235 1544 cfr.

16 1672 19 1679 Ι
70 1584 298 1652 Winlelmann
327 1585 532 1676 Description
569 1587 626 1652 des
656 1586 778 1674 pierres
805 1586 941 1674 gravies
974 1607 1006 1674 p.
1027 1585 1106 1665 256,
1133 1605 1230 1674 quem

68 1692 102 1756 in
114 1690 360 1758 Tarentinorum
372 1695 477 1759 numis
493 1693 622 1780 saepius
637 1689 783 1757 videmus
798 1713 863 1756 una
878 1714 953 1758 cum
968 1691 1055 1757 diota
1066 1688 1228 1757 Bacchico

68 1796 216 1886 symbolo
240 1798 410 1887 depictum.
453 1796 583 1863 Rasche
603 1794 684 1861 Lex.
696 1794 740 1875 V,
755 1793 779 1875 l,
795 1817 826 1882 p.
838 1797 912 1877 524,
928 1799 957 1861 7.
1000 1793 1123 1862 Eckhel
1140 1818 1228 1863 num.

70 1903 182 1970 anecd.
203 1926 234 1994 p.
256 1903 308 1968 37.
341 1902 485 1968 lllionnet
505 1900 528 1981 Ι,
549 1924 580 1990 p.
605 1900 676 1980 138,
696 1900 748 1965 40.
783 1899 896 1989 Suppl.
919 1923 950 1989 p.
973 1901 1047 1967 282.
1073 1899 1227 1977 20161112.

67 2031 99 2098 p.
123 2011 172 2075 10.
216 2010 341 2075 Pariter
361 2006 516 2096 Apollinis
547 2014 644 2093 caput
669 2006 702 2071 in
728 2007 834 2071 numis
857 2005 1105 2072 Tarentinomm
1126 2029 1229 2095 prope

66 2113 266 2202 Delphinum
300 2112 495 2201 conspicitur
512 2098 514 2103 ’
529 2132 591 2201 quo
624 2109 665 2176 de
690 2108 809 2176 videsis
835 2108 1043 2176 Lorentzium
1064 2133 1095 2200 p.
1116 2113 1153 2194 85
1188 2110 1229 2178 de

66 2228 230 2285 vetustate
256 2240 334 2284 vero
365 2238 531 2284 sacrorum
551 2214 787 2283 Bacchicorum
813 2216 847 2281 in
868 2215 986 2306 lllagna
1007 2214 1144 2284 Graecia
1172 2217 1229 2282 ab·

66 2324 156 2390 unde
188 2324 337 2389 dixerunt
366 2323 536 2414 Grysarius
564 2322 604 2388 de
626 2331 703 2389 vett.
724 2320 805 2388 Dor.
829 2321 921 2390 Com.
943 2346 973 2413 p.
985 2323 1122 2391 35-40.
1166 2321 1226 2390 Ad.

68 2428 250 2496 Schoellius
274 2429 314 2495 de
337 2431 415 2518 orig.
439 2427 493 2494 Gr.
518 2427 616 2495 dram.
641 2451 671 2519 p.
690 2427 815 2495 14-28
836 2438 868 2495 et
887 2428 1050 2497 Prellerus
1070 2431 1104 2497 in
1126 2427 1166 2496 R.
1187 2428 1226 2496 Ε.

68 2534 98 2600 d.
120 2533 159 2600 cl.
182 2536 217 2600 A.
240 2558 270 2623 p.
290 2535 467 2601 moa-71.

151 2640 261 2706 Unum
284 2649 400 2720 restat,
432 2639 519 2728 quod
545 2663 706 2708 moneam.
748 2641 835 2710 Nom
861 2643 978 2708 mirum
1006 2641 1101 2710 alicui
1126 2641 1228 2708 videri

65 2746 167 2835 possit
188 2744 274 2834 quod
297 2745 336 2811 ab
355 2755 422 2810 tota
441 2744 504 2810 hac
527 2747 713 2835 quaestione
733 2745 963 2813 recludendam
977 2747 1121 2837 Neptuni
1135 2770 1228 2814 men·

65 2852 187 2916 tionem
210 2851 366 2917 duxerim.
411 2849 512 2940 Cujus
535 2853 581 2917 rei
599 2849 683 2918 haec
703 2874 801 2918 causa
822 2853 889 2933 luit,
912 2852 998 2942 qnod
1019 2854 1226 2921 simulecrum

64 2955 144 3022 illud
164 2957 370 3053 in‘Taenaro
399 2977 537 3022 aeneum
557 2955 697 3046 Apollini
726 2956 892 3023 dedicasse
913 2957 1067 3023 Arionem
1094 2981 1226 3050 compe·
1275 2998 1283 3011 ι

64 3064 174 3128 rimus.
217 3061 334 3152 Apollo
356 3071 465 3128 vatem
492 3062 633 3127 servavit
657 3084 723 3128 non
744 3061 932 3152 Neptunus;
956 3062 1072 3153 Apollo
1096 3060 1171 3130 eum
1190 3065 1225 3133 in

65 3170 199 3234 somniis
230 3170 371 3247 monuit,
400 3167 485 3232 bono
515 3177 601 3235 esset
632 3170 755 3250 animo,
787 3169 930 3256 divinum
961 3171 1046 3236 enim
1076 3170 1138 3260 ipsi
1158 3193 1225 3239 non

65 3273 174 3340 delore
197 3277 360 3342 auxilium.
403 3276 528 3344 Verum
551 3276 658 3340 ennim
685 3297 763 3340 vero
791 3273 978 3365 plerosque,
1009 3277 1064 3367 qui
1092 3278 1132 3343 de
1161 3276 1224 3346 hac

64 3379 172 3446 fabula
208 3383 461 3472 inquisiverunt,
506 3379 635 3446 seduxit
672 3379 823 3446 Taenarii
859 3381 1003 3471 Neptuni
1046 3383 1222 3455 celebritas.

67 3484 165 3552 Obhti
194 3497 301 3553 autem
322 3496 414 3568 sunt,
436 3493 553 3576 'neque
574 3485 715 3576 Apollini
746 3509 822 3552 suos
851 3488 884 3554 in
907 3488 1055 3557 Taenaro
1082 3488 1223 3558 honores

66 3589 242 3679 denegatos
265 3594 363 3658 luisse
386 3600 467 3658 teste
495 3591 605 3680 hymn.
627 3590 730 3681 Apoll.
752 3591 910 3660 410-13.

288 3690 361 3779 ἷξον
385 3700 441 3762 καὶ
458 3697 569 3783 χῶρον
590 3692 838 3784 τερψιμβρότου
856 3694 1002 3767 Ἠελίοιο

291 3802 461 3890 Ταίναρον
481 3803 550 3868 κτλ.

64 3910 137 3976 Vid.
166 3907 306 3976 Schoell.
335 3933 367 4000 p.
387 3912 437 3976 60.
491 3910 539 3976 Ac
569 3908 714 3977 Corinthi
745 3911 874 4002 quidem
908 3921 941 3978 et
967 3911 1106 3979 Taenari
1135 3913 1222 3983 idem

65 4014 151 4082 Solis
185 4015 289 4082 cultus
320 4015 465 4106 vigebat3
498 4017 645 4107 Wagner
674 4039 782 4084 rerum
807 4013 1108 4086 Conrinthiacarum
1133 4043 1221 4112 spec.

23 4135 27 4139 '
65 4144 96 4210 p.
118 4122 171 4204 20,
191 4123 242 4188 29.
287 4120 423 4189 lllucller
444 4121 620 4212 Aeginetic.
642 4145 674 4213 p.
696 4123 747 4189 29.
1175 4196 1178 4203 ,

151 4227 308 4318 Superest
327 4228 421 4295 tertia
443 4230 602 4318 quaestio,
624 4227 666 4303 de
687 4226 807 4316 hymno
830 4227 972 4312 Arionis,
1002 4233 1095 4323 cujus
1116 4238 1220 4305 maxi·
