2798 4672
184 260 233 334 52

270 436 404 506 Habetis
425 436 521 526 igitur
542 453 639 513 nunc,
660 432 811 523 quicquid
823 454 865 498 ox
878 428 1049 498 Philoxeni
1061 428 1219 496 convivio
1234 448 1351 518 super·

186 556 252 627 est,
272 543 429 635 pretiosas
451 562 547 622 sane,
568 561 675 629 neque
696 536 950 606 contemnendas
973 534 1132 626 reliquias.
1176 532 1352 601 Disseren-

184 653 264 728 dum
289 650 381 718 nobis
409 669 495 715 nunc
525 645 565 712 de
587 646 697 710 metris
725 653 788 725 est,
820 665 858 711 ac
888 643 929 710 de
958 641 1093 708 dialecto
1126 638 1266 730 paucula
1294 638 1352 709 ad·

188 756 301 835 denda.

218 870 221 874 ’
273 863 321 929 hc
343 862 491 951 primum,
515 856 600 947 quod
623 857 664 922 ad
679 865 818 922 metrum
840 855 952 921 attinet
971 876 1086 920 versus
1108 855 1253 919 omnium
1274 853 1351 919 sim·

187 969 359 1061 plicissime
391 978 467 1033 sunt
492 964 676 1031 constructi
728 960 856 1028 Etenim
883 970 1010 1051 praeter
1040 970 1105 1026 tres
1126 980 1265 1039 ·,vensus
1299 959 1354 1050 qui

188 1075 342 1143 trochaici
363 1072 489 1161 generis
510 1078 595 1151 sunt,
617 1078 713 1158 atque
735 1065 851 1136 hunc
842 1091 875 1134 rn
897 1067 1031 1134 modum
1051 1065 1269 1156 proceduntz=

208 1206 240 1247 v.
261 1182 313 1244 20.
343 1164 1039 1247 -υ--έ-υέ--ώυ---ὲυ-η-
1054 1169 1209 1258 (hlainelr.
1222 1169 1353 1239 breves

706 1280 845 1370 syllabas
874 1284 978 1348 minus
1000 1289 1089 1347 recte
1111 1276 1333 1360 extrusit.)

209 1414 241 1456 v
263 1390 315 1456 60
344 1397 952 1455 ...U....‡w-..‡..-...‘.„.„

211 1522 242 1563 v.
264 1497 315 1562 55.
344 1494 984 1585 Δυ-Ξ-ὐ-Ξ-ὐ--Γ-ψ]
1005 1497 1064 1578 (ex
1085 1487 1203 1579 Bergk.
1225 1432 1353 1555 restitu-

636 1626 640 1631 ·
710 1606 820 1687 tione.)

191 1732 304 1776 omnes
336 1717 412 1773 sunt
440 1731 459 1773 o
488 1730 606 1798 genere
634 1709 802 1800 dactylico.
857 1709 964 1798 Atque
999 1725 1058 1796 per
1087 1711 1191 1769 toturn
1224 1699 1354 1790 (pridem

190 1838 320 1883 cannen
342 1812 429 1881 valet
449 1815 530 1880 trim.
553 1814 636 1881 dact.
654 1816 746 1882 catal.
771 1818 1106 1890 έυυ-υυ-Ξ,
1130 1808 1185 1898 qui
1205 1805 1355 1871 admixtis

191 1921 350 1988 trochaeis
379 1930 434 1986 aut
460 1920 561 1987 semel
588 1919 704 2010 legitur
732 1932 788 1989 aut
812 1925 959 2001 iteratur,
993 1928 1048 1984 aut
1080 1927 1129 1982 ter
1156 1921 1213 1981 aut
1241 1920 1354 2002 quater

192 2031 336 2098 recurrit
388 2027 585 2149 Saepissime
614 2027 740 2096 duobus
765 2028 923 2099 trimetris
954 2049 1032 2092 usus
1059 2021 1258 2091 Philoxenus
1289 2026 1354 2098 est3

193 2135 296 2225 iisque
323 2136 419 2200 meris
448 2135 516 2200 sine
544 2135 612 2201 basi
642 2145 738 2226 atque
767 2134 910 2205 clausula
936 2130 1175 2210 trochaica²³);
1208 2124 1354 2216 quamvis

191 2263 298 2329 neque
321 2238 374 2303 alii
393 2239 495 2305 affixis
518 2240 648 2306 basibus
664 2251 696 2306 et
712 2241 863 2307 clausulis
880 2237 1075 2356 logaoedicis
1089 2234 1201 2298 desint
1243 2224 1355 2298 Semel

190 2343 273 2408 inter
299 2351 471 2431 utrumque
501 2345 679 2408 trimetrum
700 2345 864 2422 inseritur,
896 2343 923 2406 si
948 2361 1028 2405 sana
1053 2337 1148 2402 lectio
1171 2342 1238 2413 est,
1270 2336 1353 2402 ado·

193 2447 274 2512 nius.

256 2576 288 2616 V.
310 2551 361 2615 66.
386 2562 706 2616 June—vum!
732 2551 1273 2638 ssvv-v]-'vw—ww-3

192 2656 274 2723 Tres
288 2663 353 2720 -aut
373 2665 510 2745 quatuor
530 2658 664 2725 trimetri
685 2660 787 2724 rarius
808 2668 989 2725 occununt.
1033 2656 1186 2722 Ceterum
1207 2653 1240 2718 in
1262 2654 1353 2720 tertio

193 2761 326 2826 trimetri
346 2760 429 2849 pede
450 2785 577 2829 summa
599 2765 786 2832 conceditur
814 2764 950 2833 licentia.
994 2760 1139 2853 Spondei
1160 2769 1193 2826 et
1213 2757 1354 2825 trochaei

195 2888 298 2955 aeque
320 2866 541 2951 admittuntur,
569 2880 667 2962 atquc
694 2873 806 2962 optimi
829 2870 957 2962 quidem
980 2892 1093 2936 versus
1116 2875 1207 2947 sunt,
1238 2865 1294 2956 qui
1315 2862 1353 2931 ad

195 2971 328 3039 niodum
349 2974 442 3062 primi
463 2983 496 3040 et
516 2978 643 3066 septimi
667 2977 854 3060 decurrunt,
882 2986 1060 3067 sequuntur
1082 2994 1219 3063 quorum
1241 2970 1353 3037 eadem

195 3100 271 3145 cum
291 3103 321 3146 v.
348 3077 526 3146 r8v0127
547 3083 627 3148 ratio
651 3094 714 3166 est3
745 3105 858 3150 eorum
881 3083 1025 3151 ordinem
1048 3081 1213 3169 excipiunt
1234 3098 1298 3167 qm
1310 3074 1354 3141 uti

197 3209 249 3250 vv.
271 3186 311 3251 21
336 3194 369 3253 ct
389 3185 433 3250 64
454 3187 642 3276 procedunt,
664 3189 803 3278 pessime
817 3212 895 3255 vero
920 3191 1037 3281 quippe
1059 3188 1113 3277 qui
1134 3184 1275 3249 maximo
1299 3181 1353 3248 dil·

196 3289 298 3355 fluant
317 3311 355 3355 ac
378 3289 682 3377 dilabantur,·tales,'
699 3293 809 3385 quales
831 3294 873 3359 63
896 3305 927 3361 et
945 3295 987 3362 65
1008 3291 1146 3359 habendi
1166 3297 1250 3355 sunt.

281 3390 396 3460 Restat
415 3406 452 3463 ut
474 3397 514 3464 de
536 3399 670 3479 dialecto
694 3400 747 3466 vel
768 3400 841 3468 stilo
863 3402 974 3491 paucis
991 3421 1158 3467 moneam:
1179 3416 1256 3460 nam
1277 3414 1353 3483 pau·

198 3497 270 3565 oula
300 3508 424 3567 rantum
455 3526 497 3569 ex
524 3513 589 3570 tam
619 3509 776 3597 corruptis
807 3506 986 3597 lacerisque
1012 3503 1152 3595 reliquiis
1177 3500 1226 3565 his
1253 3497 1352 3566 nomi·

197 3603 290 3671 nibus
313 3604 420 3696 colligi
445 3631 542 3697 posse
570 3633 685 3700 reapse
711 3622 808 3702 patet.
850 3610 872 3678 l.
902 3610 1032 3676 Hiatum
1057 3612 1090 3674 in
1118 3609 1208 3675 brevi
1233 3602 1355 3693 syllaba

198 3710 364 3777 admisisse
391 3723 519 3781 constat
540 3741 569 3781 v.
591 3719 612 3782 2
632 3718 728 3805 μέχρι
754 3707 804 3784 οὗ.
846 3716 937 3782 Bene
967 3716 1064 3804 igitur
1092 3715 1189 3779 etiarn
1210 3736 1242 3778 v.
1256 3712 1303 3776 20
1321 3730 1355 3775 ae

195 3815 330 3883 haberet
359 3814 456 3906 σάφα
485 3807 563 3885 οἶδα
591 3824 618 3888 si
642 3846 702 3912 per
727 3845 858 3889 versum
884 3830 968 3887 staro
995 3828 1115 3910 posset.
1157 3819 1196 3885 ci
1225 3817 1268 3884 de
1295 3814 1355 3881 hot

199 3923 285 4010 apud
306 3921 440 4012 Lyricos
462 3950 580 4017 genere
602 3926 706 3994 hiatus
721 3927 852 3994 Godofr.
868 3924 1033 3992 Hermann
1056 3926 1096 3993 de
1117 3924 1242 3992 dialect
1264 3918 1353 3991 Pind

200 4072 400 4093 ··-ο-ι-ι-

236 4165 273 4234 ²⁸)
291 4170 414 4224 Eundem
439 4188 543 4226 versum
568 4170 699 4227 Pindarus
724 4173 844 4228 admisit:
870 4174 947 4226 Nem.
973 4169 1015 4238 θ’,
1042 4174 1067 4226 1.
1086 4167 1266 4242 Κωμάσομεν
1292 4160 1352 4239 παρ’

263 4249 433 4316 ’Λπόλλωνος
450 4253 622 4326 Σικυώνοθε,
640 4263 759 4314 Μοῖσαι.
777 4262 814 4317 er.
826 4260 945 4317 nocero.
962 4260 995 4314 re
1011 4262 1092 4315 nea.
1109 4259 1219 4315 uera.
1237 4276 1265 4328 p.
1278 4258 1340 4315 rar.
