2798 4666
181 227 228 301 16

179 413 296 476 mansit
318 409 487 497 Dionysio,
510 409 568 475 sed
595 419 655 490 „ut
677 410 836 476 Croesum
857 410 994 499 legimus
1008 411 1089 487 video
1112 435 1128 475 e
1151 429 1335 500 regno-‘suo

179 515 341 605 expulisse
353 514 745 604 Solonemspraecipitem,
768 517 842 605 quia
859 514 994 585 blandiri
1012 515 1151 597 nolebat,
1162 517 1220 581 ‘sic
1236 516 1334 595 ctiam

178 623 353 711 Dionysius
376 622 477 687 fertur
498 618 668 689 Philoxeni
698 631 836 689 mortem
862 625 1053 704 intentasse,
1082 644 1168 689 cum·
1184 644 1260 689 euna
1275 643 1335 697 ,rer

178 730 329 795 citantem
350 728 499 816 proprios
519 749 643 807 versus,
664 726 819 793 absurdos
843 737 876 795 et
895 729 1114 808 inconcinnas,
1128 729 1254 796 cunctis
1267 750 1333 816 ap·

176 833 400 924 plaudentibus
422 832 510 906 solus
534 832 881 906 audireaimmobitis.”
919 833 987 917 (Cf.
1007 833 1164 909 Ammian.
1178 832 1332 913 Marcell.

176 939 251 1022 XV,
274 963 299 1006 c.
315 940 363 1005 15.
388 939 455 1006 Cic.
479 938 520 1004 ad
541 940 633 1004 Attic.
657 937 710 1020 IV,
735 941 782 1004 lo.
827 938 949 1007 Lucian
971 940 1042 1006 adv.
1055 940 1178 1013 indoct-
1188 940 1283 1011 Tem.
1295 939 1334 1022 ll,

175 1070 205 1135 p.
222 1049 292 1117 768.
346 1046 491 1113 Cocnnr.
516 1044 556 1110 de
571 1045 718 1113 irncrced.
742 1071 825 1113 serv.
854 1032 990 1126 Turul,
1015 1069 1045 1136 p.
1066 1046 1137 1121 351.
1182 1045 1333 1123 Galumn.

174 1176 240 1218 non
270 1162 344 1218 tem.
375 1152 460 1224 cred.
490 1150 584 1221 Tom.
601 1150 631 1233 l,
659 1175 689 1240 p.
706 1153 778 1219 851.
831 1153 961 1220 Gemist.
992 1151 1118 1226 Pletbo.
1149 1151 1332 1230 bristolth
1361 1206 1364 1211 .

175 1258 302 1327 Aristid.
326 1257 419 1329 Tom.
431 1256 471 1337 ll,
494 1257 610 1346 punc,
623 1258 651 1325 9.
684 1255 860 1330 Dinaoas.
873 1257 1091 1326 ScholArist.
1105 1259 1203 1336 crau
1214 1282 1245 1348 p.
1257 1260 1334 1340 268,

176 1366 247 1431 264.
288 1364 316 1430 F
318 1374 460 1433 nonnus.
485 1363 629 1436 Tzetzes.
653 1361 734 1430 Cbil.
748 1362 792 1445 X,
813 1364 886 1435 338.
910 1363 1035 1432 Hellad
1059 1388 1109 1454 ap.
1132 1363 1229 1461 Phot⁴¹
1248 1356 1332 1435 Bibl.

174 1497 204 1561 p.
217 1472 291 1554 532,
308 1471 360 1539 35.
398 1469 509 1540 ,ΒΕΚιι
533 1467 626 1537 Miclr'.
652 1469 879 1559 ApostolVll,
903 1472 952 1536 70.
987 1468 1077 1552 XIX,
1095 1471 1146 1535 25.
1190 1464 1331 1561 Diogen.

179 1579 279 1666 Adag.
300 1575 448 1657 vtum.
494 1575 647 1643 Proverb.
671 1575 774 1642 Vatis.
799 1575 891 1642 Cent.
915 1575 970 1657 IV,
992 1576 1042 1642 37.
1087 1575 1331 1652 Ριον.,;Με,ῐῐὶο.

181 1684 271 1749 raso⁴
316 1683 464 1750 senon.
488 1682 577 1749 sua.
600 1706 630 1771 p.
648 1683 745 1764 roas,
765 1680 806 1747 n.
829 1682 903 1762 422,
926 1681 1068 1771 osmi.
1085 1682 1213 1767 cius).
1228 1669 1331 1760 reatus

178 1791 354 1878 Dionysius
375 1789 511 1856 coniecit
533 1788 661 1855 eumin
682 1786 862 1868 lautumias,
885 1790 938 1877 qui
958 1811 1069 1862 cancer
1091 1789 1331 1876 cst-Syracusis

176 1898 209 1962 in
225 1894 382 1985 'Epipolis
408 1896 497 1960 situs.
549 1892 711 1960 Donvren.
735 1891 820 1960 Sicil.
844 1896 938 1983 antiq.
962 1915 992 1982 p,
1014 1895 1072 1961 181
1097 1915 1165 1984 sqq.
1197 1895 1236 1965 cl.
1259 1895 1328 1983 Cic,

176 2003 268 2069 Verr.
277 2001 376 2086 V‚27,
384 2001 429 2073 55
439 1999 512 2089 ihiq.
520 1999 616 2081 editt,
629 1998 751 2065 Aelian.
759 2022 825 2065 var.
838 1998 910 2067 hist.
917 1997 984 2066 Lib.
994 1997 1121 2082 ΧΙΙ,44.
1140 1999 1239 2066 Cuius
1253 2002 1331 2069 facti

176 2131 251 2175 cum
278 2107 372 2174 brevi.
400 2114 487 2195 post
502 2128 575 2172 sese
603 2109 768 2193 poenitere
798 2105 962 2174 simularet
992 2093 1119 2173 rursum
1151 2108 1330 2189 accersivit,

176 2213 377 2305 Philoxenus
397 2219 505 2278 autem
523 2209 811 2287 male'sirnulatam
830 2215 965 2301 gratiam
979 2215 1185 2301 perspiciens,
1200 2234 1329 2279 veram-

177 2343 239 2409 que
267 2317 394 2406 tyranni
420 2318 610 2383 sententiam
637 2318 832 2406 suspicatus,
846 2318 956 2417 ‘quasi
983 2317 1115 2381 edoctus
1137 2315 1328 2394 infortuniis,

176 2450 218 2491 ne
244 2446 378 2500 rursum,
400 2424 433 2488 in
464 2421 743 2505 malainciderct,
771 2421 958 2497 laudaturus
984 2421 1025 2487 sit
1051 2418 1328 2507 Dionysiiinvitis

175 2532 341 2598 Musarum
362 2528 542 2596 numinibus
567 2526 693 2596 edolata
712 2529 862 2608 cannina,
884 2527 994 2593 reduci
1015 2527 1049 2603 ia
1070 2547 1235 2593 carcerem
1256 2546 1327 2605 rna-

175 2638 248 2719 luit,
276 2647 476 2726 tyrannoque
503 2634 707 2724 respondisse
735 2635 834 2711 fertur
861 2656 974 2705 versus
997 2632 1164 2701 cuiusdam
1186 2633 1328 2711 exitum:

175 2787 216 2794 —
238 2786 279 2794 -
307 2732 394 2821 οἶκος
416 2742 513 2830 φίλος
536 2731 624 2820 οἶκος
645 2739 790 2831 ἄριστος.
836 2744 899 2810 Clr.
923 2743 1063 2810 ansn.
1087 2737 1327 2821 Annalidlex„

175 2855 326 2946 Epimetr·
349 2851 424 2934 XII,
447 2852 567 2942 12392.
621 2851 706 2922 Sunt
727 2852 823 2920 etiam
845 2851 900 2941 qui
921 2832 1328 2938 Philoxenumsspropterea

174 2965 207 3030 in
229 2961 416 3052 lapidicinas
439 2960 621 3027 coniectum
643 2957 781 3039 tradant,
811 2958 884 3047 quia
906 2955 1105 3044 tragoediam
1127 2975 1146 3019 a
1167 2952 1326 3042 Dionysio

174 3072 236 3158 ipsi
263 3069 304 3135 ad
334 3066 563 3155 abstergendas
590 3062 733 3131 maculas
760 3062 982 3142 commissam,
1016 3059 1129 3137 melius
1164 3059 1328 3139 emendari

174 3198 269 3263 posse
298 3182 445 3262 negaret,
473 3173 535 3239 nisi
563 3194 628 3238 una
656 3193 714 3261 per
741 3179 842 3251 totam
872 3165 1015 3233 chartam
1038 3176 1107 3233 atra
1125 3167 1266 3257 deducta
1283 3164 1327 3235 ,li-

174 3279 278 3346 ncola.
328 3278 381 3344 Ad
403 3300 499 3365 quam
520 3278 723 3345 traditionem
744 3277 882 3365 pertinet
902 3272 995 3350 locus
1023 3297 1042 3339 a
1063 3274 1191 3341 nemine
1210 3270 1272 3338 hac
1294 3273 1326 3341 in

174 3411 209 3453 re
236 3391 402 3473 respectus
431 3383 538 3450 Schol.
569 3385 691 3472 Tzsrz.
722 3379 802 3448 Chil.
833 3377 907 3461 XII,
936 3401 966 3469 p.
990 3379 1062 3446 233.
1095 3402 1142 3468 ap.
1176 3377 1324 3466 Osanna.

79 3511 90 3526 ··
173 3490 294 3559 Anecd.
324 3487 427 3553 Oxon.
456 3487 510 3569 ΙΠ,
539 3512 569 3578 p.
592 3491 663 3556 373.
725 3487 1007 3573 Κατακοιιρώσας·
1031 3485 1070 3550 τὸ
1101 3483 1237 3573 βιβλίον
1269 3486 1327 3550 καὶ

171 3598 324 3685 χιασμῶν
350 3592 530 3673 Φιλοξένου
553 3591 694 3673 ποιήσας
715 3591 852 3676 ἐπάξιον
877 3591 1015 3679 acceptae
1038 3588 1103 3657 οὐκ
1129 3579 1223 3668 οἶδας
1246 3587 1328 3681 γρά-

175 3728 251 3796 φειν
274 3699 358 3768 ἀλλὰ
386 3697 561 3784 conplosae,
606 3703 659 3788 qui
683 3699 774 3766 locus
803 3701 897 3764 etiam
925 3708 1056 3787 propter
1076 3722 1192 3766 vocem
1222 3720 1327 3763 κατα-

173 3812 346 3904 κοιιρώοοις
367 3806 581 3876 memorabilis
605 3816 666 3886 cst,
689 3829 771 3894 quae
795 3806 885 3871 deest
905 3807 937 3870 in
960 3804 1079 3872 lexicis.
1118 3805 1215 3875 Solus
1238 3804 1326 3873 Pha·

173 3928 242 3991 nias
264 3922 393 3988 Eresius
417 3936 466 4004 ap.
479 3911 592 3980 Athen.
605 3911 631 3994 l,
645 3935 675 4002 p.
693 3913 728 3991 6,
748 3911 781 3975 F.
803 3933 832 3998 p.
846 3914 864 3974 7
877 3911 913 3975 A.
958 3909 1172 3988 Philoxenum
1193 3923 1328 4003 propter

174 4042 320 4118 stuprum
334 4047 407 4094 cum
417 4018 574 4090 Galathea
586 4018 733 4106 Dionysii
755 4018 856 4084 amica
878 4019 1084 4084 commissum
1104 4020 1136 4084 in
1160 4040 1327 4086 carcerem

69 4211 70 4214 Ἴ
175 4138 330 4224 migrasse
351 4131 486 4210 tradidit,
510 4129 598 4194 cuius
624 4135 729 4190 tamen
752 4125 930 4191 auctoritati
951 4146 1015 4189 non
1036 4123 1172 4201 multum
1194 4124 1327 4206 tribuas,
1351 4134 1355 4141 '

175 4244 247 4311 licet
268 4235 376 4305 Schol.
400 4259 526 4325 quoquc
551 4233 591 4301 ad
615 4231 706 4298 Arist.
732 4229 813 4296 Plut.
837 4255 865 4319 p.
884 4232 933 4298 89.
954 4229 1146 4301 Heusrenn.
1160 4229 1323 4325 ,edobips
