<?xml version="1.0" encoding="UTF-8"?>
<!DOCTYPE html PUBLIC "-//W3C//DTD XHTML 1.0 Transitional//EN"
    "http://www.w3.org/TR/xhtml1/DTD/xhtml1-transitional.dtd">
<html xmlns="http://www.w3.org/1999/xhtml" xml:lang="en" lang="en">
 <head>
  <title>
</title>
<meta http-equiv="Content-Type" content="text/html;charset=utf-8" />
  <meta name='ocr-system' content='tesseract 3.04.00' />
  <meta name='ocr-capabilities' content='ocr_page ocr_carea ocr_par ocr_line ocrx_word'/>
</head>
<body>
  <div class='ocr_page' id='page_1' title='image "./diatribeindithy00schmgoog_0275.png"; bbox 0 0 2798 4666; ppageno 0'>
   <div class='ocr_carea' id='block_1_1' title="bbox 116 267 192 344">
    <p class='ocr_par' dir='ltr' id='par_1_1' title="bbox 116 267 192 344">
     <span class='ocr_line' id='line_1_1' title="bbox 116 267 192 344; baseline -0.079 0"><span class='ocrx_word' id='word_1_1' title='bbox 116 267 192 344; x_wconf 82' lang='grc'>264</span> 
     </span>
    </p>
   </div>
   <div class='ocr_carea' id='block_1_2' title="bbox 118 443 1306 4363">
    <p class='ocr_par' dir='ltr' id='par_1_2' title="bbox 118 443 1306 4363">
     <span class='ocr_line' id='line_1_2' title="bbox 469 443 921 538; baseline 0.004 -26"><span class='ocrx_word' id='word_1_2' title='bbox 469 443 694 528; x_wconf 78' lang='grc' dir='ltr'><em>Ἐξηκεστίδης</em></span> <span class='ocrx_word' id='word_1_3' title='bbox 713 445 795 533; x_wconf 85' lang='grc' dir='ltr'><em>ἔχων</em></span> <span class='ocrx_word' id='word_1_4' title='bbox 816 445 921 538; x_wconf 81' lang='grc' dir='ltr'><em>λύραν</em></span> 
     </span>
     <span class='ocr_line' id='line_1_3' title="bbox 238 549 1154 646; baseline 0.005 -26"><span class='ocrx_word' id='word_1_5' title='bbox 238 551 356 644; x_wconf 79' lang='grc' dir='ltr'><em>Ἔργον</em></span> <span class='ocrx_word' id='word_1_6' title='bbox 379 549 527 636; x_wconf 63' lang='lat' dir='ltr'>nordgoe</span> <span class='ocrx_word' id='word_1_7' title='bbox 557 551 873 646; x_wconf 78' lang='grc' dir='ltr'><em>τεταίνεε-ψίθορον</em></span> <span class='ocrx_word' id='word_1_8' title='bbox 896 552 1009 638; x_wconf 70' lang='grc' dir='ltr'><em>εὐήθη</em></span> <span class='ocrx_word' id='word_1_9' title='bbox 1038 552 1154 642; x_wconf 83' lang='grc' dir='ltr'><em>νόμον.</em></span> 
     </span>
     <span class='ocr_line' id='line_1_4' title="bbox 118 659 1286 755; baseline 0.003 -23"><span class='ocrx_word' id='word_1_10' title='bbox 118 664 319 753; x_wconf 85' lang='lat' dir='ltr'>l‘olymnesti</span> <span class='ocrx_word' id='word_1_11' title='bbox 339 660 532 750; x_wconf 82' lang='lat' dir='ltr'>Colophonii</span> <span class='ocrx_word' id='word_1_12' title='bbox 554 659 730 729; x_wconf 88' lang='lat' dir='ltr'>citharoedi</span> <span class='ocrx_word' id='word_1_13' title='bbox 750 666 870 731; x_wconf 89' lang='lat' dir='ltr'>mentio</span> <span class='ocrx_word' id='word_1_14' title='bbox 901 674 1029 755; x_wconf 87' lang='lat' dir='ltr'>praeter</span> <span class='ocrx_word' id='word_1_15' title='bbox 1056 664 1176 734; x_wconf 90' lang='lat' dir='ltr'>multos</span> <span class='ocrx_word' id='word_1_16' title='bbox 1203 666 1286 736; x_wconf 90' lang='lat' dir='ltr'>alios</span> 
     </span>
     <span class='ocr_line' id='line_1_5' title="bbox 119 767 1285 862; baseline 0.002 -23"><span class='ocrx_word' id='word_1_17' title='bbox 119 774 209 839; x_wconf 89' lang='lat' dir='ltr'>locos</span> <span class='ocrx_word' id='word_1_18' title='bbox 242 777 347 837; x_wconf 86' lang='lat' dir='ltr'>exstat</span> <span class='ocrx_word' id='word_1_19' title='bbox 380 790 430 856; x_wconf 93' lang='lat' dir='ltr'>ap.</span> <span class='ocrx_word' id='word_1_20' title='bbox 459 767 579 834; x_wconf 89' lang='lat' dir='ltr'>Cratin.</span> <span class='ocrx_word' id='word_1_21' title='bbox 608 768 644 834; x_wconf 85' lang='lat' dir='ltr'>lr.</span> <span class='ocrx_word' id='word_1_22' title='bbox 676 768 788 835; x_wconf 87' lang='lat' dir='ltr'>incert.</span> <span class='ocrx_word' id='word_1_23' title='bbox 818 768 937 838; x_wconf 83' lang='lat' dir='ltr'>CXLII</span> <span class='ocrx_word' id='word_1_24' title='bbox 964 793 1016 862; x_wconf 87' lang='lat' dir='ltr'>up.</span> <span class='ocrx_word' id='word_1_25' title='bbox 1046 770 1157 841; x_wconf 89' lang='lat' dir='ltr'>Schul.</span> <span class='ocrx_word' id='word_1_26' title='bbox 1186 773 1285 843; x_wconf 86' lang='lat' dir='ltr'>Arist.</span> 
     </span>
     <span class='ocr_line' id='line_1_6' title="bbox 120 877 295 970; baseline -0.017 -25"><span class='ocrx_word' id='word_1_27' title='bbox 120 880 178 970; x_wconf 76' lang='lat' dir='ltr'>uq.</span> <span class='ocrx_word' id='word_1_28' title='bbox 204 877 295 943; x_wconf 84' lang='grc'><strong>1284.</strong></span> 
     </span>
     <span class='ocr_line' id='line_1_7' title="bbox 247 975 1155 1069; baseline 0.006 -23"><span class='ocrx_word' id='word_1_29' title='bbox 247 984 304 1048; x_wconf 81' lang='grc' dir='ltr'>καὶ</span> <span class='ocrx_word' id='word_1_30' title='bbox 327 975 575 1063; x_wconf 74' lang='grc' dir='ltr'><em>Πολομνηστεῖ</em></span> <span class='ocrx_word' id='word_1_31' title='bbox 606 976 710 1045; x_wconf 77' lang='grc' dir='ltr'><em>ἀείδει</em></span> <span class='ocrx_word' id='word_1_32' title='bbox 728 978 892 1066; x_wconf 82' lang='grc' dir='ltr'><em>μουσικήν</em></span> <span class='ocrx_word' id='word_1_33' title='bbox 914 1005 947 1047; x_wconf 86' lang='grc' dir='ltr'><em>τε</em></span> <span class='ocrx_word' id='word_1_34' title='bbox 968 979 1155 1069; x_wconf 74' lang='grc' dir='ltr'><strong><em>μανθάνει.</em></strong></span> 
     </span>
     <span class='ocr_line' id='line_1_8' title="bbox 122 1086 1263 1184; baseline 0 -24"><span class='ocrx_word' id='word_1_35' title='bbox 122 1091 262 1160; x_wconf 82' lang='lat' dir='ltr'>Boecklr.</span> <span class='ocrx_word' id='word_1_36' title='bbox 283 1089 334 1156; x_wconf 84' lang='lat' dir='ltr'>Fr.</span> <span class='ocrx_word' id='word_1_37' title='bbox 354 1088 416 1152; x_wconf 88' lang='lat' dir='ltr'>inc.</span> <span class='ocrx_word' id='word_1_38' title='bbox 439 1086 531 1153; x_wconf 92' lang='lat' dir='ltr'>Piud.</span> <span class='ocrx_word' id='word_1_39' title='bbox 553 1089 604 1153; x_wconf 86' lang='grc'>87.</span> <span class='ocrx_word' id='word_1_40' title='bbox 628 1087 689 1154; x_wconf 90' lang='lat' dir='ltr'>Th.</span> <span class='ocrx_word' id='word_1_41' title='bbox 713 1086 829 1178; x_wconf 84' lang='lat' dir='ltr'>Bergk.</span> <span class='ocrx_word' id='word_1_42' title='bbox 851 1089 1034 1158; x_wconf 83' lang='lat' dir='ltr'>Comment</span> <span class='ocrx_word' id='word_1_43' title='bbox 1056 1113 1088 1181; x_wconf 88' lang='lat' dir='ltr'>p.</span> <span class='ocrx_word' id='word_1_44' title='bbox 1106 1092 1173 1159; x_wconf 79' lang='lat'>230</span> <span class='ocrx_word' id='word_1_45' title='bbox 1189 1114 1263 1184; x_wconf 84' lang='lat' dir='ltr'>sqq.</span> 
     </span>
     <span class='ocr_line' id='line_1_9' title="bbox 206 1195 1288 1285; baseline 0.002 -21"><span class='ocrx_word' id='word_1_46' title='bbox 206 1195 404 1264; x_wconf 86' lang='lat' dir='ltr'>Eunidarum</span> <span class='ocrx_word' id='word_1_47' title='bbox 424 1196 570 1275; x_wconf 90' lang='lat' dir='ltr'>nomine,</span> <span class='ocrx_word' id='word_1_48' title='bbox 602 1198 677 1284; x_wconf 85' lang='lat' dir='ltr'>(qua</span> <span class='ocrx_word' id='word_1_49' title='bbox 701 1195 740 1261; x_wconf 89' lang='lat' dir='ltr'>de</span> <span class='ocrx_word' id='word_1_50' title='bbox 763 1205 860 1285; x_wconf 84' lang='lat' dir='ltr'>gente</span> <span class='ocrx_word' id='word_1_51' title='bbox 882 1195 1096 1264; x_wconf 86' lang='lat' dir='ltr'>citharoedica</span> <span class='ocrx_word' id='word_1_52' title='bbox 1117 1207 1150 1265; x_wconf 86' lang='lat' dir='ltr'>et</span> <span class='ocrx_word' id='word_1_53' title='bbox 1171 1196 1288 1267; x_wconf 86' lang='lat' dir='ltr'>orche-</span> 
     </span>
     <span class='ocr_line' id='line_1_10' title="bbox 122 1300 1289 1396; baseline -0.002 -23"><span class='ocrx_word' id='word_1_54' title='bbox 122 1309 202 1372; x_wconf 84' lang='lat' dir='ltr'>stica</span> <span class='ocrx_word' id='word_1_55' title='bbox 234 1312 302 1369; x_wconf 89' lang='lat' dir='ltr'>arte</span> <span class='ocrx_word' id='word_1_56' title='bbox 335 1301 558 1366; x_wconf 90' lang='lat' dir='ltr'>florentissima</span> <span class='ocrx_word' id='word_1_57' title='bbox 593 1300 730 1367; x_wconf 87' lang='lat' dir='ltr'>llleinek.</span> <span class='ocrx_word' id='word_1_58' title='bbox 759 1300 833 1369; x_wconf 90' lang='lat' dir='ltr'>Vol.</span> <span class='ocrx_word' id='word_1_59' title='bbox 856 1300 892 1387; x_wconf 88' lang='lat' dir='ltr'>ll,</span> <span class='ocrx_word' id='word_1_60' title='bbox 917 1304 932 1367; x_wconf 95' lang='grc'><strong>1</strong></span> <span class='ocrx_word' id='word_1_61' title='bbox 956 1325 987 1393; x_wconf 88' lang='lat' dir='ltr'>p.</span> <span class='ocrx_word' id='word_1_62' title='bbox 1009 1304 1063 1369; x_wconf 73' lang='lat'>56.</span> <span class='ocrx_word' id='word_1_63' title='bbox 1096 1302 1163 1370; x_wconf 84' lang='lat' dir='ltr'>clri.</span> <span class='ocrx_word' id='word_1_64' title='bbox 1193 1304 1289 1396; x_wconf 82' lang='lat' dir='ltr'>jubet</span> 
     </span>
     <span class='ocr_line' id='line_1_11' title="bbox 123 1406 1287 1501; baseline -0.003 -22"><span class='ocrx_word' id='word_1_65' title='bbox 123 1413 240 1479; x_wconf 84' lang='lat' dir='ltr'>lllcurs.</span> <span class='ocrx_word' id='word_1_66' title='bbox 263 1407 366 1475; x_wconf 90' lang='lat' dir='ltr'>Lectt.</span> <span class='ocrx_word' id='word_1_67' title='bbox 390 1409 453 1472; x_wconf 83' lang='lat' dir='ltr'>Au.</span> <span class='ocrx_word' id='word_1_68' title='bbox 475 1407 517 1488; x_wconf 90' lang='lat' dir='ltr'>V,</span> <span class='ocrx_word' id='word_1_69' title='bbox 542 1409 591 1471; x_wconf 88' lang='lat'>10.</span> <span class='ocrx_word' id='word_1_70' title='bbox 626 1406 735 1474; x_wconf 82' lang='lat' dir='ltr'>Voles.</span> <span class='ocrx_word' id='word_1_71' title='bbox 758 1407 915 1498; x_wconf 90' lang='lat' dir='ltr'>Harpocr.</span> <span class='ocrx_word' id='word_1_72' title='bbox 939 1430 969 1499; x_wconf 92' lang='lat' dir='ltr'>p.</span> <span class='ocrx_word' id='word_1_73' title='bbox 991 1408 1044 1475; x_wconf 85' lang='grc'>34.</span> <span class='ocrx_word' id='word_1_74' title='bbox 1084 1407 1145 1476; x_wconf 87' lang='lat' dir='ltr'>Th.</span> <span class='ocrx_word' id='word_1_75' title='bbox 1166 1408 1287 1501; x_wconf 83' lang='lat' dir='ltr'><strong>Bergk.</strong></span> 
     </span>
     <span class='ocr_line' id='line_1_12' title="bbox 124 1511 1288 1604; baseline -0.004 -18"><span class='ocrx_word' id='word_1_76' title='bbox 124 1521 306 1586; x_wconf 85' lang='lat' dir='ltr'>Comment.</span> <span class='ocrx_word' id='word_1_77' title='bbox 325 1538 355 1604; x_wconf 90' lang='lat' dir='ltr'>p.</span> <span class='ocrx_word' id='word_1_78' title='bbox 372 1515 422 1578; x_wconf 90' lang='lat'>70.</span> <span class='ocrx_word' id='word_1_79' title='bbox 457 1511 591 1578; x_wconf 91' lang='lat' dir='ltr'>Bossler</span> <span class='ocrx_word' id='word_1_80' title='bbox 610 1513 650 1578; x_wconf 91' lang='lat' dir='ltr'>de</span> <span class='ocrx_word' id='word_1_81' title='bbox 673 1511 767 1579; x_wconf 88' lang='lat' dir='ltr'>Gent.</span> <span class='ocrx_word' id='word_1_82' title='bbox 791 1515 856 1580; x_wconf 84' lang='lat' dir='ltr'>Au.</span> <span class='ocrx_word' id='word_1_83' title='bbox 872 1537 902 1603; x_wconf 94' lang='lat' dir='ltr'>p.</span> <span class='ocrx_word' id='word_1_84' title='bbox 914 1517 969 1600; x_wconf 80' lang='lat'>50)</span> <span class='ocrx_word' id='word_1_85' title='bbox 1003 1515 1152 1581; x_wconf 80' lang='lat' dir='ltr'><strong>Cratinus</strong></span> <span class='ocrx_word' id='word_1_86' title='bbox 1185 1525 1288 1582; x_wconf 86' lang='lat' dir='ltr'>totam</span> 
     </span>
     <span class='ocr_line' id='line_1_13' title="bbox 123 1617 1288 1712; baseline -0.004 -20"><span class='ocrx_word' id='word_1_87' title='bbox 123 1624 283 1712; x_wconf 80' lang='lat' dir='ltr'>inscripsit</span> <span class='ocrx_word' id='word_1_88' title='bbox 303 1618 452 1686; x_wconf 85' lang='lat' dir='ltr'>fabulam.</span> <span class='ocrx_word' id='word_1_89' title='bbox 496 1617 646 1707; x_wconf 89' lang='lat' dir='ltr'>Denique</span> <span class='ocrx_word' id='word_1_90' title='bbox 678 1619 706 1682; x_wconf 92' lang='lat' dir='ltr'>si</span> <span class='ocrx_word' id='word_1_91' title='bbox 734 1642 813 1686; x_wconf 86' lang='lat' dir='ltr'>vera</span> <span class='ocrx_word' id='word_1_92' title='bbox 843 1629 892 1686; x_wconf 91' lang='lat' dir='ltr'>est</span> <span class='ocrx_word' id='word_1_93' title='bbox 918 1619 1072 1710; x_wconf 85' lang='lat' dir='ltr'>Horstigii</span> <span class='ocrx_word' id='word_1_94' title='bbox 1093 1620 1133 1687; x_wconf 85' lang='lat' dir='ltr'>ud</span> <span class='ocrx_word' id='word_1_95' title='bbox 1155 1620 1288 1707; x_wconf 84' lang='lat' dir='ltr'>Quinct.</span> 
     </span>
     <span class='ocr_line' id='line_1_14' title="bbox 123 1724 1288 1819; baseline -0.003 -23"><span class='ocrx_word' id='word_1_96' title='bbox 123 1731 198 1796; x_wconf 91' lang='lat' dir='ltr'>lust.</span> <span class='ocrx_word' id='word_1_97' title='bbox 222 1729 276 1793; x_wconf 89' lang='lat' dir='ltr'>Or.</span> <span class='ocrx_word' id='word_1_98' title='bbox 298 1725 320 1808; x_wconf 87' lang='lat' dir='ltr'>l,</span> <span class='ocrx_word' id='word_1_99' title='bbox 344 1726 393 1806; x_wconf 88' lang='grc'>10,</span> <span class='ocrx_word' id='word_1_100' title='bbox 416 1725 435 1787; x_wconf 87' lang='grc'>7</span> <span class='ocrx_word' id='word_1_101' title='bbox 458 1724 658 1814; x_wconf 86' lang='lat' dir='ltr'>conjectura:</span> <span class='ocrx_word' id='word_1_102' title='bbox 685 1724 797 1813; x_wconf 88' lang='lat' dir='ltr'>„apud</span> <span class='ocrx_word' id='word_1_103' title='bbox 820 1748 917 1817; x_wconf 91' lang='lat' dir='ltr'>quem</span> <span class='ocrx_word' id='word_1_104' title='bbox 939 1726 1163 1794; x_wconf 89' lang='lat' dir='ltr'>Pronomus</span> <span class='ocrx_word' id='word_1_105' title='bbox 1186 1726 1288 1819; x_wconf 85' lang='lat' dir='ltr'><strong>(vulg.</strong></span> 
     </span>
     <span class='ocr_line' id='line_1_15' title="bbox 124 1828 1289 1925; baseline -0.002 -22"><span class='ocrx_word' id='word_1_106' title='bbox 124 1835 317 1916; x_wconf 81' lang='lat' dir='ltr'><strong>Prodamus)</strong></span> <span class='ocrx_word' id='word_1_107' title='bbox 349 1839 382 1897; x_wconf 88' lang='lat' dir='ltr'>et</span> <span class='ocrx_word' id='word_1_108' title='bbox 407 1829 564 1895; x_wconf 88' lang='lat' dir='ltr'>musicam</span> <span class='ocrx_word' id='word_1_109' title='bbox 594 1839 627 1896; x_wconf 86' lang='lat' dir='ltr'>et</span> <span class='ocrx_word' id='word_1_110' title='bbox 656 1828 764 1896; x_wconf 82' lang='lat' dir='ltr'>literas</span> <span class='ocrx_word' id='word_1_111' title='bbox 796 1832 924 1898; x_wconf 83' lang='lat' dir='ltr'>docet.&#39;’</span> <span class='ocrx_word' id='word_1_112' title='bbox 973 1832 1128 1899; x_wconf 88' lang='lat' dir='ltr'>Pronomi</span> <span class='ocrx_word' id='word_1_113' title='bbox 1157 1856 1289 1925; x_wconf 87' lang='lat' dir='ltr'>quoque</span> 
     </span>
     <span class='ocr_line' id='line_1_16' title="bbox 126 1934 1290 2028; baseline -0.003 -19"><span class='ocrx_word' id='word_1_114' title='bbox 126 1938 466 2009; x_wconf 78' lang='lat' dir='ltr'>commemorationem</span> <span class='ocrx_word' id='word_1_115' title='bbox 492 1937 613 2002; x_wconf 83' lang='lat' dir='ltr'>faceret</span> <span class='ocrx_word' id='word_1_116' title='bbox 634 1934 767 2026; x_wconf 86' lang='lat' dir='ltr'>Eupolis</span> <span class='ocrx_word' id='word_1_117' title='bbox 788 1938 820 2002; x_wconf 93' lang='lat' dir='ltr'>in</span> <span class='ocrx_word' id='word_1_118' title='bbox 843 1937 956 2028; x_wconf 83' lang='lat' dir='ltr'>Capris</span> <span class='ocrx_word' id='word_1_119' title='bbox 980 1938 1020 2006; x_wconf 89' lang='lat' dir='ltr'>cl.</span> <span class='ocrx_word' id='word_1_120' title='bbox 1041 1938 1078 2004; x_wconf 82' lang='lat' dir='ltr'>fr.</span> <span class='ocrx_word' id='word_1_121' title='bbox 1100 1936 1145 2023; x_wconf 89' lang='lat' dir='ltr'>X,</span> <span class='ocrx_word' id='word_1_122' title='bbox 1167 1938 1225 2007; x_wconf 90' lang='lat' dir='ltr'>Xl.</span> <span class='ocrx_word' id='word_1_123' title='bbox 1246 1976 1290 1990; x_wconf 94' lang='lat'><em>-</em></span> 
     </span>
     <span class='ocr_line' id='line_1_17' title="bbox 125 2038 1289 2137; baseline -0.003 -22"><span class='ocrx_word' id='word_1_124' title='bbox 125 2050 178 2114; x_wconf 89' lang='lat' dir='ltr'>De</span> <span class='ocrx_word' id='word_1_125' title='bbox 200 2048 364 2114; x_wconf 90' lang='lat' dir='ltr'>Pronomo</span> <span class='ocrx_word' id='word_1_126' title='bbox 388 2044 426 2110; x_wconf 87' lang='lat' dir='ltr'>cl.</span> <span class='ocrx_word' id='word_1_127' title='bbox 449 2038 590 2108; x_wconf 82' lang='lat' dir='ltr'>Boecklr.</span> <span class='ocrx_word' id='word_1_128' title='bbox 615 2041 706 2108; x_wconf 86' lang='lat' dir='ltr'>dlllP.</span> <span class='ocrx_word' id='word_1_129' title='bbox 729 2065 759 2133; x_wconf 89' lang='lat' dir='ltr'>p.</span> <span class='ocrx_word' id='word_1_130' title='bbox 782 2045 848 2108; x_wconf 83' lang='lat'>260</span> <span class='ocrx_word' id='word_1_131' title='bbox 868 2054 901 2110; x_wconf 90' lang='lat' dir='ltr'>et</span> <span class='ocrx_word' id='word_1_132' title='bbox 922 2042 1073 2111; x_wconf 88' lang='lat' dir='ltr'>Bellerm.</span> <span class='ocrx_word' id='word_1_133' title='bbox 1095 2044 1116 2111; x_wconf 94' lang='lat' dir='ltr'>l.</span> <span class='ocrx_word' id='word_1_134' title='bbox 1139 2044 1161 2112; x_wconf 85' lang='lat' dir='ltr'>l</span> <span class='ocrx_word' id='word_1_135' title='bbox 1183 2068 1215 2137; x_wconf 92' lang='lat' dir='ltr'>p.</span> <span class='ocrx_word' id='word_1_136' title='bbox 1235 2046 1289 2113; x_wconf 90' lang='grc'>41.</span> 
     </span>
     <span class='ocr_line' id='line_1_18' title="bbox 126 2147 1291 2240; baseline 0.001 -21"><span class='ocrx_word' id='word_1_137' title='bbox 126 2154 194 2220; x_wconf 86' lang='lat' dir='ltr'>Sed</span> <span class='ocrx_word' id='word_1_138' title='bbox 214 2151 295 2218; x_wconf 88' lang='lat' dir='ltr'>haec</span> <span class='ocrx_word' id='word_1_139' title='bbox 317 2150 481 2217; x_wconf 88' lang='lat' dir='ltr'>hactenus.</span> <span class='ocrx_word' id='word_1_140' title='bbox 533 2147 731 2215; x_wconf 90' lang='lat' dir='ltr'>Musicorum</span> <span class='ocrx_word' id='word_1_141' title='bbox 763 2150 848 2215; x_wconf 89' lang='lat' dir='ltr'>enim</span> <span class='ocrx_word' id='word_1_142' title='bbox 875 2150 1145 2240; x_wconf 77' lang='grc' dir='ltr'><em>κωμῳδουμένων</em></span> <span class='ocrx_word' id='word_1_143' title='bbox 1169 2150 1291 2219; x_wconf 84' lang='lat' dir='ltr'>catulo-</span> 
     </span>
     <span class='ocr_line' id='line_1_19' title="bbox 127 2254 1293 2350; baseline 0 -25"><span class='ocrx_word' id='word_1_144' title='bbox 127 2282 205 2349; x_wconf 84' lang='lat' dir='ltr'>gum</span> <span class='ocrx_word' id='word_1_145' title='bbox 226 2257 319 2325; x_wconf 84' lang='lat' dir='ltr'>facile</span> <span class='ocrx_word' id='word_1_146' title='bbox 340 2254 441 2322; x_wconf 84' lang='lat' dir='ltr'>multo</span> <span class='ocrx_word' id='word_1_147' title='bbox 463 2257 620 2346; x_wconf 89' lang='lat' dir='ltr'>majorem</span> <span class='ocrx_word' id='word_1_148' title='bbox 643 2277 661 2320; x_wconf 87' lang='lat' dir='ltr'>e</span> <span class='ocrx_word' id='word_1_149' title='bbox 679 2255 876 2322; x_wconf 90' lang='lat' dir='ltr'>comicorum</span> <span class='ocrx_word' id='word_1_150' title='bbox 891 2257 1079 2348; x_wconf 84' lang='lat' dir='ltr'>fragmentis</span> <span class='ocrx_word' id='word_1_151' title='bbox 1094 2278 1293 2350; x_wconf 86' lang='lat' dir='ltr'>componere</span> 
     </span>
     <span class='ocr_line' id='line_1_20' title="bbox 127 2359 1294 2457; baseline 0.001 -26"><span class='ocrx_word' id='word_1_152' title='bbox 127 2367 241 2457; x_wconf 88' lang='lat' dir='ltr'>possis.</span> <span class='ocrx_word' id='word_1_153' title='bbox 262 2402 305 2412; x_wconf 93' lang='lat'>-</span> <span class='ocrx_word' id='word_1_154' title='bbox 325 2363 463 2430; x_wconf 88' lang='lat' dir='ltr'>Videtur</span> <span class='ocrx_word' id='word_1_155' title='bbox 483 2370 591 2428; x_wconf 84' lang='lat' dir='ltr'>auteur</span> <span class='ocrx_word' id='word_1_156' title='bbox 619 2359 701 2427; x_wconf 84' lang='lat' dir='ltr'>lraec</span> <span class='ocrx_word' id='word_1_157' title='bbox 725 2383 821 2451; x_wconf 87' lang='lat' dir='ltr'>quarn</span> <span class='ocrx_word' id='word_1_158' title='bbox 851 2361 1079 2454; x_wconf 87' lang='lat' dir='ltr'>descripsimus</span> <span class='ocrx_word' id='word_1_159' title='bbox 1108 2362 1294 2454; x_wconf 80' lang='lat' dir='ltr'>corruptela</span> 
     </span>
     <span class='ocr_line' id='line_1_21' title="bbox 128 2465 1293 2549; baseline -0.002 -11"><span class='ocrx_word' id='word_1_160' title='bbox 128 2474 267 2538; x_wconf 89' lang='lat' dir='ltr'>musices</span> <span class='ocrx_word' id='word_1_161' title='bbox 291 2471 387 2536; x_wconf 86' lang='lat' dir='ltr'>etiarn</span> <span class='ocrx_word' id='word_1_162' title='bbox 410 2469 469 2534; x_wconf 84' lang='lat' dir='ltr'>arti</span> <span class='ocrx_word' id='word_1_163' title='bbox 492 2490 566 2534; x_wconf 87' lang='lat' dir='ltr'>eum</span> <span class='ocrx_word' id='word_1_164' title='bbox 588 2465 739 2549; x_wconf 84' lang='lat' dir='ltr'>saltandi,</span> <span class='ocrx_word' id='word_1_165' title='bbox 764 2477 832 2534; x_wconf 90' lang='lat' dir='ltr'>tum</span> <span class='ocrx_word' id='word_1_166' title='bbox 854 2490 937 2536; x_wconf 87' lang='lat' dir='ltr'>voce</span> <span class='ocrx_word' id='word_1_167' title='bbox 958 2470 1094 2538; x_wconf 88' lang='lat' dir='ltr'>canendi</span> <span class='ocrx_word' id='word_1_168' title='bbox 1115 2469 1211 2537; x_wconf 79' lang='lat' dir='ltr'>valde</span> <span class='ocrx_word' id='word_1_169' title='bbox 1231 2468 1293 2536; x_wconf 86' lang='lat' dir='ltr'>ob-</span> 
     </span>
     <span class='ocr_line' id='line_1_22' title="bbox 128 2570 1294 2668; baseline 0.002 -26"><span class='ocrx_word' id='word_1_170' title='bbox 128 2580 236 2642; x_wconf 83' lang='lat' dir='ltr'>fuisse.</span> <span class='ocrx_word' id='word_1_171' title='bbox 291 2574 339 2639; x_wconf 89' lang='lat' dir='ltr'>Ac</span> <span class='ocrx_word' id='word_1_172' title='bbox 371 2573 411 2638; x_wconf 89' lang='lat' dir='ltr'>de</span> <span class='ocrx_word' id='word_1_173' title='bbox 444 2570 622 2637; x_wconf 89' lang='lat' dir='ltr'>orchestica</span> <span class='ocrx_word' id='word_1_174' title='bbox 656 2573 745 2637; x_wconf 91' lang='lat' dir='ltr'>testis</span> <span class='ocrx_word' id='word_1_175' title='bbox 779 2582 829 2639; x_wconf 84' lang='lat' dir='ltr'>est</span> <span class='ocrx_word' id='word_1_176' title='bbox 856 2573 949 2642; x_wconf 91' lang='lat' dir='ltr'>Plato</span> <span class='ocrx_word' id='word_1_177' title='bbox 985 2599 1035 2668; x_wconf 89' lang='lat' dir='ltr'>ap.</span> <span class='ocrx_word' id='word_1_178' title='bbox 1063 2572 1294 2659; x_wconf 65' lang='lat' dir='ltr'>Auen,XlV‚</span> 
     </span>
     <span class='ocr_line' id='line_1_23' title="bbox 129 2677 308 2772; baseline -0.011 -27"><span class='ocrx_word' id='word_1_179' title='bbox 129 2708 159 2772; x_wconf 93' lang='lat' dir='ltr'>p.</span> <span class='ocrx_word' id='word_1_180' title='bbox 183 2682 247 2746; x_wconf 82' lang='grc'>628</span> <span class='ocrx_word' id='word_1_181' title='bbox 267 2677 308 2745; x_wconf 87' lang='lat' dir='ltr'>D.</span> 
     </span>
     <span class='ocr_line' id='line_1_24' title="bbox 193 2768 1230 2877; baseline 0.001 -25"><span class='ocrx_word' id='word_1_182' title='bbox 193 2780 254 2864; x_wconf 64' lang='grc' dir='ltr'><em>εἴς’</em></span> <span class='ocrx_word' id='word_1_183' title='bbox 278 2785 379 2860; x_wconf 81' lang='grc' dir='ltr'><em>εἴτις</em></span> <span class='ocrx_word' id='word_1_184' title='bbox 398 2776 526 2871; x_wconf 73' lang='grc' dir='ltr'><em>ὠρχεῖτ’</em></span> <span class='ocrx_word' id='word_1_185' title='bbox 556 2768 593 2846; x_wconf 82' lang='grc' dir='ltr'><em>εὗ</em></span> <span class='ocrx_word' id='word_1_186' title='bbox 615 2779 725 2868; x_wconf 70' lang='grc' dir='ltr'><em>θέαμ’</em></span> <span class='ocrx_word' id='word_1_187' title='bbox 756 2771 798 2864; x_wconf 79' lang='grc' dir='ltr'>ἦν</span> <span class='ocrx_word' id='word_1_188' title='bbox 826 2785 886 2850; x_wconf 80' lang='grc' dir='ltr'>νῦν</span> <span class='ocrx_word' id='word_1_189' title='bbox 912 2787 948 2853; x_wconf 73' lang='lat' dir='ltr'>ol</span> <span class='ocrx_word' id='word_1_190' title='bbox 970 2788 1094 2877; x_wconf 77' lang='grc' dir='ltr'><em>δροῖσιν</em></span> <span class='ocrx_word' id='word_1_191' title='bbox 1119 2785 1230 2870; x_wconf 76' lang='grc' dir='ltr'><em>οὐδέν,</em></span> 
     </span>
     <span class='ocr_line' id='line_1_25' title="bbox 193 2882 1121 2984; baseline 0.001 -26"><span class='ocrx_word' id='word_1_192' title='bbox 193 2888 269 2958; x_wconf 81' lang='grc' dir='ltr'><em>ἀλλ’</em></span> <span class='ocrx_word' id='word_1_193' title='bbox 299 2883 410 2978; x_wconf 85' lang='grc' dir='ltr'><em>ὡόπερ</em></span> <span class='ocrx_word' id='word_1_194' title='bbox 432 2882 639 2969; x_wconf 79' lang='grc' dir='ltr'><em>ἀπόπληκτοι</em></span> <span class='ocrx_word' id='word_1_195' title='bbox 661 2887 790 2972; x_wconf 80' lang='grc' dir='ltr'><em>στάδην</em></span> <span class='ocrx_word' id='word_1_196' title='bbox 811 2892 928 2973; x_wconf 78' lang='grc' dir='ltr'><em>ε’ςοῖτες</em></span> <span class='ocrx_word' id='word_1_197' title='bbox 946 2891 1121 2984; x_wconf 79' lang='grc' dir='ltr'><em>ω’ρὺονται.</em></span> 
     </span>
     <span class='ocr_line' id='line_1_26' title="bbox 131 2993 773 3090; baseline -0.005 -22"><span class='ocrx_word' id='word_1_198' title='bbox 131 3013 163 3067; x_wconf 88' lang='lat' dir='ltr'>et</span> <span class='ocrx_word' id='word_1_199' title='bbox 184 3001 371 3090; x_wconf 83' lang='lat' dir='ltr'>Metagenes</span> <span class='ocrx_word' id='word_1_200' title='bbox 392 3020 441 3086; x_wconf 90' lang='lat' dir='ltr'>ap.</span> <span class='ocrx_word' id='word_1_201' title='bbox 465 2993 558 3063; x_wconf 91' lang='lat' dir='ltr'>Phot.</span> <span class='ocrx_word' id='word_1_202' title='bbox 581 3020 612 3087; x_wconf 93' lang='lat' dir='ltr'>p.</span> <span class='ocrx_word' id='word_1_203' title='bbox 633 2999 706 3065; x_wconf 87' lang='grc'><strong>591.</strong></span> <span class='ocrx_word' id='word_1_204' title='bbox 729 3001 773 3065; x_wconf 85' lang='grc'>9.’</span> 
     </span>
     <span class='ocr_line' id='line_1_27' title="bbox 172 3097 1299 3196; baseline 0.002 -26"><span class='ocrx_word' id='word_1_205' title='bbox 172 3105 223 3183; x_wconf 81' lang='grc' dir='ltr'>τῖς</span> <span class='ocrx_word' id='word_1_206' title='bbox 250 3101 371 3193; x_wconf 79' lang='grc' dir='ltr'><strong><em>τρόπος</em></strong></span> <span class='ocrx_word' id='word_1_207' title='bbox 398 3097 526 3179; x_wconf 80' lang='grc' dir='ltr'><em>ἵππων,</em></span> <span class='ocrx_word' id='word_1_208' title='bbox 554 3099 598 3180; x_wconf 78' lang='grc' dir='ltr'>οῖς</span> <span class='ocrx_word' id='word_1_209' title='bbox 626 3102 661 3168; x_wconf 84' lang='grc' dir='ltr'>δ’</span> <span class='ocrx_word' id='word_1_210' title='bbox 689 3103 866 3191; x_wconf 75' lang='grc' dir='ltr'><em>ὀρχοῦνται</em></span> <span class='ocrx_word' id='word_1_211' title='bbox 896 3104 954 3171; x_wconf 85' lang='grc' dir='ltr'>τὸν</span> <span class='ocrx_word' id='word_1_212' title='bbox 982 3105 1191 3196; x_wconf 74' lang='grc' dir='ltr'>βαρβαρικὸν</span> <span class='ocrx_word' id='word_1_213' title='bbox 1216 3103 1299 3195; x_wconf 85' lang='grc' dir='ltr'>τρό-</span> 
     </span>
     <span class='ocr_line' id='line_1_28' title="bbox 754 3206 963 3280; baseline 0.01 -3"><span class='ocrx_word' id='word_1_214' title='bbox 754 3234 820 3277; x_wconf 91' lang='grc' dir='ltr'>πον</span> <span class='ocrx_word' id='word_1_215' title='bbox 840 3206 963 3280; x_wconf 75' lang='grc' dir='ltr'><em>ἵππον.</em></span> 
     </span>
     <span class='ocr_line' id='line_1_29' title="bbox 134 3315 1301 3413; baseline 0.003 -28"><span class='ocrx_word' id='word_1_216' title='bbox 134 3321 185 3385; x_wconf 87' lang='lat' dir='ltr'>De</span> <span class='ocrx_word' id='word_1_217' title='bbox 213 3318 382 3385; x_wconf 80' lang='lat' dir='ltr'>furibunda</span> <span class='ocrx_word' id='word_1_218' title='bbox 408 3315 583 3383; x_wconf 87' lang='lat' dir='ltr'>saltationis</span> <span class='ocrx_word' id='word_1_219' title='bbox 614 3319 722 3405; x_wconf 89' lang='lat' dir='ltr'>specie</span> <span class='ocrx_word' id='word_1_220' title='bbox 755 3320 849 3385; x_wconf 90' lang='lat' dir='ltr'>etiam</span> <span class='ocrx_word' id='word_1_221' title='bbox 878 3320 1025 3388; x_wconf 89' lang='lat' dir='ltr'>Pratinas</span> <span class='ocrx_word' id='word_1_222' title='bbox 1053 3322 1143 3413; x_wconf 87' lang='lat' dir='ltr'>queri</span> <span class='ocrx_word' id='word_1_223' title='bbox 1169 3322 1301 3390; x_wconf 85' lang='lat' dir='ltr'>videtur</span> 
     </span>
     <span class='ocr_line' id='line_1_30' title="bbox 135 3423 574 3516; baseline -0.009 -24"><span class='ocrx_word' id='word_1_224' title='bbox 135 3450 184 3516; x_wconf 93' lang='lat' dir='ltr'>ap.</span> <span class='ocrx_word' id='word_1_225' title='bbox 204 3425 318 3490; x_wconf 88' lang='lat' dir='ltr'>Athen.</span> <span class='ocrx_word' id='word_1_226' title='bbox 340 3423 429 3504; x_wconf 87' lang='lat' dir='ltr'>XIV,</span> <span class='ocrx_word' id='word_1_227' title='bbox 450 3423 514 3488; x_wconf 85' lang='grc'>614</span> <span class='ocrx_word' id='word_1_228' title='bbox 535 3423 574 3489; x_wconf 92' lang='grc' dir='ltr'>Β.</span> 
     </span>
     <span class='ocr_line' id='line_1_31' title="bbox 219 3520 1212 3621; baseline 0.005 -27"><span class='ocrx_word' id='word_1_229' title='bbox 219 3528 269 3606; x_wconf 78' lang='grc' dir='ltr'>τίς</span> <span class='ocrx_word' id='word_1_230' title='bbox 291 3526 310 3592; x_wconf 85' lang='grc' dir='ltr'>ὁ</span> <span class='ocrx_word' id='word_1_231' title='bbox 332 3525 483 3614; x_wconf 77' lang='grc' dir='ltr'>θόρυβος</span> <span class='ocrx_word' id='word_1_232' title='bbox 503 3520 576 3607; x_wconf 77' lang='grc' dir='ltr'><em>ὅδε,</em></span> <span class='ocrx_word' id='word_1_233' title='bbox 599 3525 632 3592; x_wconf 80' lang='grc' dir='ltr'>τί</span> <span class='ocrx_word' id='word_1_234' title='bbox 653 3529 817 3615; x_wconf 87' lang='lat' dir='ltr'>(sicCod.)</span> <span class='ocrx_word' id='word_1_235' title='bbox 840 3527 919 3598; x_wconf 80' lang='grc' dir='ltr'><em>τάδε</em></span> <span class='ocrx_word' id='word_1_236' title='bbox 941 3531 983 3598; x_wconf 78' lang='grc' dir='ltr'>τὰ</span> <span class='ocrx_word' id='word_1_237' title='bbox 1002 3528 1212 3621; x_wconf 70' lang='grc' dir='ltr'><em>χορεύματας</em></span> 
     </span>
     <span class='ocr_line' id='line_1_32' title="bbox 218 3626 603 3723; baseline -0.003 -22"><span class='ocrx_word' id='word_1_238' title='bbox 218 3635 269 3714; x_wconf 80' lang='grc' dir='ltr'>τίς</span> <span class='ocrx_word' id='word_1_239' title='bbox 290 3626 385 3723; x_wconf 72' lang='grc' dir='ltr'><strong><em>ὕβρις</em></strong></span> <span class='ocrx_word' id='word_1_240' title='bbox 407 3632 523 3720; x_wconf 83' lang='grc' dir='ltr'><em>ἔμολεν</em></span> <span class='ocrx_word' id='word_1_241' title='bbox 547 3636 603 3700; x_wconf 80' lang='grc' dir='ltr'>ἐπὶ</span> 
     </span>
     <span class='ocr_line' id='line_1_33' title="bbox 221 3738 859 3830; baseline -0.003 -19"><span class='ocrx_word' id='word_1_242' title='bbox 221 3738 424 3812; x_wconf 80' lang='grc' dir='ltr'><em>Διονυσιάδα</em></span> <span class='ocrx_word' id='word_1_243' title='bbox 446 3739 666 3830; x_wconf 76' lang='grc' dir='ltr'><em>πολοπατὰγα</em></span> <span class='ocrx_word' id='word_1_244' title='bbox 689 3744 859 3828; x_wconf 66' lang='grc' dir='ltr'><em>θυμέλανς</em></span> 
     </span>
     <span class='ocr_line' id='line_1_34' title="bbox 220 3841 616 3936; baseline -0.005 -22"><span class='ocrx_word' id='word_1_245' title='bbox 220 3853 298 3933; x_wconf 80' lang='grc' dir='ltr'><em>ε’μός</em></span> <span class='ocrx_word' id='word_1_246' title='bbox 321 3848 398 3936; x_wconf 77' lang='grc' dir='ltr'><strong><em>ἐμὸς</em></strong></span> <span class='ocrx_word' id='word_1_247' title='bbox 420 3844 439 3914; x_wconf 89' lang='grc' dir='ltr'><strong><em>ὁ</em></strong></span> <span class='ocrx_word' id='word_1_248' title='bbox 459 3841 616 3933; x_wconf 86' lang='grc' dir='ltr'><strong><em>Βρόμιος,</em></strong></span> 
     </span>
     <span class='ocr_line' id='line_1_35' title="bbox 221 3953 952 4043; baseline 0.001 -22"><span class='ocrx_word' id='word_1_249' title='bbox 221 3958 277 4043; x_wconf 77' lang='grc' dir='ltr'>ἐμὲ</span> <span class='ocrx_word' id='word_1_250' title='bbox 298 3958 352 4023; x_wconf 87' lang='grc' dir='ltr'><em>δεῖ</em></span> <span class='ocrx_word' id='word_1_251' title='bbox 368 3955 528 4040; x_wconf 76' lang='grc' dir='ltr'><em>κελαδεῖν,</em></span> <span class='ocrx_word' id='word_1_252' title='bbox 548 3956 603 4040; x_wconf 78' lang='grc' dir='ltr'>ἐμὲ</span> <span class='ocrx_word' id='word_1_253' title='bbox 626 3953 678 4018; x_wconf 89' lang='grc' dir='ltr'><em>δεῖ</em></span> <span class='ocrx_word' id='word_1_254' title='bbox 702 3957 863 4038; x_wconf 81' lang='grc' dir='ltr'><em>παταγεῖν</em></span> <span class='ocrx_word' id='word_1_255' title='bbox 883 3957 952 4022; x_wconf 86' lang='grc' dir='ltr'>κτλ.</span> 
     </span>
     <span class='ocr_line' id='line_1_36' title="bbox 136 4056 1304 4154; baseline -0.004 -24"><span class='ocrx_word' id='word_1_256' title='bbox 136 4064 281 4130; x_wconf 90' lang='lat' dir='ltr'>Pertinet</span> <span class='ocrx_word' id='word_1_257' title='bbox 300 4063 363 4131; x_wconf 92' lang='lat' dir='ltr'>huc</span> <span class='ocrx_word' id='word_1_258' title='bbox 386 4064 482 4130; x_wconf 89' lang='lat' dir='ltr'>etiam</span> <span class='ocrx_word' id='word_1_259' title='bbox 504 4061 542 4126; x_wconf 87' lang='grc' dir='ltr'>τὸ</span> <span class='ocrx_word' id='word_1_260' title='bbox 559 4057 817 4148; x_wconf 80' lang='grc' dir='ltr'><em>κρεμβαλιάζεεν,</em></span> <span class='ocrx_word' id='word_1_261' title='bbox 839 4062 879 4128; x_wconf 89' lang='lat' dir='ltr'>de</span> <span class='ocrx_word' id='word_1_262' title='bbox 902 4087 965 4154; x_wconf 92' lang='lat' dir='ltr'>quo</span> <span class='ocrx_word' id='word_1_263' title='bbox 981 4061 1123 4151; x_wconf 87' lang='lat' dir='ltr'>llesych.</span> <span class='ocrx_word' id='word_1_264' title='bbox 1145 4056 1304 4152; x_wconf 77' lang='grc' dir='ltr'><em>κογχύλια</em></span> 
     </span>
     <span class='ocr_line' id='line_1_37' title="bbox 136 4155 1306 4261; baseline 0 -28"><span class='ocrx_word' id='word_1_265' title='bbox 136 4172 192 4234; x_wconf 82' lang='grc' dir='ltr'>καὶ</span> <span class='ocrx_word' id='word_1_266' title='bbox 215 4164 651 4256; x_wconf 75' lang='grc' dir='ltr'><em>ὀστράκια-οογκροτοῦντες</em></span> <span class='ocrx_word' id='word_1_267' title='bbox 671 4164 808 4257; x_wconf 72' lang='grc' dir='ltr'><em>ἓρεσμόν</em></span> <span class='ocrx_word' id='word_1_268' title='bbox 829 4166 903 4257; x_wconf 85' lang='lat' dir='ltr'>(leg.</span> <span class='ocrx_word' id='word_1_269' title='bbox 917 4164 1103 4261; x_wconf 78' lang='grc' dir='ltr'>ἔρροθμόν)</span> <span class='ocrx_word' id='word_1_270' title='bbox 1126 4188 1203 4233; x_wconf 81' lang='grc' dir='ltr'><em>τινα</em></span> <span class='ocrx_word' id='word_1_271' title='bbox 1220 4155 1306 4253; x_wconf 80' lang='grc' dir='ltr'><em>ἦχον</em></span> 
     </span>
     <span class='ocr_line' id='line_1_38' title="bbox 138 4271 1304 4363; baseline 0.002 -26"><span class='ocrx_word' id='word_1_272' title='bbox 138 4273 311 4340; x_wconf 76' lang='grc' dir='ltr'><em>ἀποτελεῖν</em></span> <span class='ocrx_word' id='word_1_273' title='bbox 333 4271 641 4361; x_wconf 40' lang='grc' dir='ltr'><em>τοῖςιόρχονμὲνσες.</em></span> <span class='ocrx_word' id='word_1_274' title='bbox 677 4275 715 4341; x_wconf 83' lang='lat' dir='ltr'>cf.</span> <span class='ocrx_word' id='word_1_275' title='bbox 740 4271 875 4340; x_wconf 85' lang='lat' dir='ltr'>llleinek.</span> <span class='ocrx_word' id='word_1_276' title='bbox 893 4274 964 4341; x_wconf 84' lang='lat' dir='ltr'>lrist.</span> <span class='ocrx_word' id='word_1_277' title='bbox 988 4278 1055 4342; x_wconf 84' lang='lat' dir='ltr'>crit.</span> <span class='ocrx_word' id='word_1_278' title='bbox 1078 4298 1109 4363; x_wconf 91' lang='lat' dir='ltr'>p.</span> <span class='ocrx_word' id='word_1_279' title='bbox 1131 4274 1207 4339; x_wconf 80' lang='lat'><strong>252.</strong></span> <span class='ocrx_word' id='word_1_280' title='bbox 1241 4272 1304 4339; x_wconf 79' lang='lat' dir='ltr'>Th.</span> 
     </span>
    </p>
   </div>
   <div class='ocr_carea' id='block_1_3' title="bbox 0 0 1428 4666">
    <p class='ocr_par' dir='ltr' id='par_1_3' title="bbox 0 0 1428 4666">
     <span class='ocr_line' id='line_1_39' title="bbox 0 0 1428 4666; baseline 0 0"><span class='ocrx_word' id='word_1_281' title='bbox 0 0 1428 4666; x_wconf 95' lang='lat' dir='ltr'> </span> 
     </span>
    </p>
   </div>
  </div>
 </body>
</html>
