2798 4672
1158 270 1231 341 17⁷
1353 352 1357 357 ¹

71 453 98 518 si
120 451 320 532 memininus‚
350 449 435 540 apud
456 448 564 516 ltaliae
586 446 765 516 Dorienses
786 452 889 540 magis
912 451 1114 518 comoediam
1136 474 1234 544 quam

71 557 268 646 tragoediam
291 555 453 649 excultam
474 556 581 637 fuisse,
602 577 669 622 non
691 553 829 645 amplius
850 556 967 623 subibit
987 558 1123 640 miratio,
1145 557 1253 649 quod¹

71 665 173 745 diota,
203 664 339 753 quaein
364 663 469 728 Attica
491 663 616 729 comico
634 663 749 728 victori
771 661 955 744 deberetur,
977 663 1072 731 lrireo
1099 664 1234 754 praesti-

69 772 144 835 terit
173 771 207 835 in
238 770 412 835 certamine
443 767 684 857 dithyrambioo.
740 767 895 835 Ceterum
925 768 1005 836 hirei
1035 772 1131 837 etiam
1163 768 1234 836 Soli

58 877 188 941 ''saerati
211 876 327 940 fuerint
347 878 483 963 oportet,
514 896 591 940 eum
611 896 677 939 non
698 874 795 940 modo
819 872 936 963 Apollo
962 871 1128 964 Τράμαιος
1146 875 1234 943 Naxi

71 980 176 1048 cultus
210 989 358 1046 occurrat
391 1004 440 1070 ap.
469 980 581 1070 Steph.
611 980 689 1069 Byz.
717 1005 748 1046 v.
785 979 952 1070 Tpoipaoa3
985 980 1044 1047 sed
1080 978 1235 1046 saerilieia

72 1109 200 1178 quoque
220 1087 349 1175 caprina
370 1084 442 1151 Soli
460 1086 658 1175 imperentur
679 1096 762 1153 teste
783 1087 945 1154 Pausania
963 1087 1007 1169 X,
1025 1086 1122 1166 11,4·.-
1147 1083 1233 1151 κατὰ

73 1194 108 1257 δὲ
129 1188 302 1298 μάντευμα
324 1191 359 1271 ἐκ
380 1192 518 1276 Δελφῶν
540 1191 674 1259 ἔθυσαν
695 1214 819 1316 τραγον
847 1188 1020 1278 ἀνίσχοντι
1048 1190 1094 1280 τῷ
1104 1187 1234 1279 Ηλίῳ.

72 1303 128 1364 καὶ
152 1287 258 1384 (εὗρον
280 1296 344 1384 γὰρ
365 1293 461 1362 λύσιν
476 1321 535 1363 τοο
523 1298 668 1383 κακοῦ)
689 1295 811 1390 τράγον
829 1296 974 1384 χαλκοῦν
994 1295 1233 1384 ἀνακέμαονοι
1309 1384 1311 1386 ¹

74 1405 119 1494 τῷ
143 1401 328 1471 Ἀπόλλωνι.
363 1406 402 1472 ci.
383 1404 521 1472 f.Hom
543 1405 576 1472 ll.
600 1430 633 1487 α,
655 1406 706 1473 41.
730 1429 756 1474 e.
780 1404 888 1473 Schol
912 1404 1056 1471 Eustath.
1072 1405 1168 1494 p.36‚
1183 1406 1231 1471 18.

72 1511 167 1578 Rom.
212 1510 350 1577 Omnino
382 1533 460 1578 vero
494 1511 534 1577 de
562 1511 717 1602 Apollinis
752 1514 857 1601 capris
891 1513 946 1578 cir.
973 1509 1155 1578 Schoellius
1190 1509 1233 1578 de

73 1620 151 1708 orig.
174 1617 229 1684 Gr.
252 1616 364 1683 Dram.
387 1618 423 1684 P.
446 1616 468 1699 l,
491 1641 521 1707 p.
539 1618 582 1682 46
605 1642 667 1708 sq.;
691 1618 782 1684 de
754 1621 858 1773 capris
880 1618 1018 1708 Dionysi
1039 1613 1234 1684 Welekeru's

73 1724 177 1790 Addit.
193 1746 224 1814 p.
239 1723 309 1788 194.

122 1830 191 1913 )
213 1829 370 1897 Necnon
397 1832 576 1918 praemium
603 1829 760 1918 chorego
772 1768 882 1895 datum
907 1827 1075 1913 (ἔπαθλον
1097 1852 1233 1920 χορηγι·
1346 1888 1349 1893 .

72 1932 142 2020 κόν)
158 1936 295 2002 eandem
310 1934 500 2022 dithyrambi
512 1934 670 2023 originem
688 1936 800 2024 arguit.
843 1934 927 2001 Dico
945 1934 1113 2024 tripodem,
1136 1958 1235 2024 quern

71 2042 273 2132 Epitomator
294 2039 449 2105 Athenaei
470 2038 505 2120 ll,
527 2063 558 2128 p.
581 2040 623 2105 37
645 2042 665 2106 f.
704 2038 745 2104 τὸ
772 2035 963 2126 νικητήριον
988 2039 1049 2103 τοῦ
1069 2036 1233 2105 Διονύσον

73 2148 230 2237 appellat,
261 2145 454 2226 rectissime3
486 2147 544 2210 sed
574 2148 681 2211 statim
710 2147 819 2235 inepta
846 2145 973 2210 additur
1000 2145 1234 2234 interpretatio:

72 2258 131 2318 καὶ
161 2249 223 2336 γὰρ
254 2250 288 2314 ἐκ
317 2248 471 2334 τρίποδος
504 2250 610 2336 λέγειν
642 2248 754 2339 φάμεν
787 2249 863 2327 τοὺς
887 2245 1136 2330 «ἀληθεύοντας.
1179 2248 1234 2316 διδ

69 2354 278 2433 Ἀπόλλωνος
294 2360 355 2440 μὲν
377 2348 492 2431 οἰκεῖος
514 2356 571 2421 διὰ
595 2355 656 2444 τήν
672 2359 705 2422 ἐκ
720 2357 881 2444 μαντικῆς
899 2352 1084 2437 τ’ληθειάν·
1117 2353 1235 2424 Διονύ-Ι

75 2487 138 2530 σου
162 2465 196 2528 δὲ
211 2461 275 2526 διὰ
296 2460 357 2541 τὴν
378 2462 414 2526 ἐν
433 2465 539 2552 μέθῃ.
583 2465 651 2531 Sed
673 2464 831 2554 tripodem
854 2466 893 2530 ab
915 2465 1003 2532 initio
1023 2487 1090 2530 non
1111 2465 1234 2556 Apolli-

74 2594 174 2637 neum
195 2570 253 2637 sed
275 2568 471 2642 Baochieum
499 2569 682 2659 symbolum
709 2573 808 2638 luisse
837 2573 976 2661 primum
1005 2571 1236 2639 demonstravit

77 2676 186 2742 Odoir.
215 2674 352 2741 Mueller
381 2675 421 2741 de
448 2676 572 2764 tripode
599 2676 759 2768 Delphico
780 2701 811 2766 p.
832 2680 879 2743 ll.
913 2675 1052 2742 Amalth.
1072 2676 1095 2759 l,
1116 2701 1147 2767 p.
1172 2678 1236 2744 120

77 2783 150 2848 dein
174 2783 227 2871 qui
254 2782 396 2847 omnium
417 2783 450 2846 in
477 2780 525 2846 his
553 2784 653 2846 instar
682 2792 731 2850 est
757 2782 816 2847 Ed.
839 2781 1022 2848 Gerhardus
1043 2780 1077 2848 in
1099 2785 1234 2852 Aoaerl.

83 2889 221 2955 Vaoenb.
241 2910 274 2972 μ.
297 2893 376 2965 121,
400 2909 496 2976 quern
517 2910 583 2952 non
605 2909 753 2976 possum,
777 2889 852 2976 quin
874 2889 940 2953 suis
962 2888 1068 2954 verbis
1091 2899 1235 2956 utentem

77 2998 194 3061 iterum
221 2993 390 3059 inducam:
423 2993 545 3073 »Κεῖοι
572 2994 736 3079 Zeupnias
765 2994 811 3059 iat
842 2995 1064 3079 opreelrender
1090 2992 1153 3080 fiir
1183 2996 1235 3061 die

82 3099 333 3187 Gemeinseheft
356 3100 465 3167 beider
487 3101 539 3166 als
563 3103 624 3166 des
646 3099 872 3166 deriihmteote
893 3101 985 3166 ihrer
1003 3099 1156 3186 Symbole
1176 3102 1236 3167 der

78 3206 298 3294 Dreifuss.
341 3205 440 3273 ΝαοΙι
467 3207 705 3272 ΙιονοονίοοΙιοκι
733 3207 874 3273 ΒνααοΙι
905 3208 958 3272 ein
984 3206 1140 3272 deliebteo
1170 3213 1238 3274 Ge-

79 3314 160 3381 roth
183 3313 395 3398 olltiiplielrer
416 3312 595 3398 Feroeruop
616 3314 687 3378 sarad
706 3313 901 3379 ΙιὶὶαοῑίοΙιοιι
923 3312 1125 3393 Salmaces,
1153 3306 1239 3382 eoirll

81 3421 247 3486 obaudies
272 3419 401 3485 Geriitle
422 3421 468 3485 im
489 3419 662 3485 dildlieleen
682 3421 871 3487 Anisa-oea-
884 3414 1117 3488 ohthoniseder
1140 3420 1238 3489 Culte

81 3527 153 3592 ανδ
178 3525 323 3612 Mptden
353 3526 413 3590 ein·
432 3523 567 3610 Spmdol
598 3523 841 3612 oerjr'inpender
871 3522 1141 3614 Wederpeburt3
1177 3530 1240 3594 soie

82 3655 118 3698 es
139 3631 298 3698 Demeter
320 3632 391 3698 uod
410 3628 536 3695 Medea
563 3654 607 3696 αα
629 3632 768 3699 Knoden
798 3635 870 3699 rard
892 3630 1031 3701 Greioen
1060 3635 1240 3720 erprobteo

81 3740 178 3805 hatte
201 3762 236 3805 es
259 3737 555 3804 den'zem’issenen
582 3736 738 3807 Gliedern
769 3734 829 3806 des
856 3749 971 3808 ersten
992 3738 1160 3825 Dionysos
1178 3732 1238 3824 μα’-

81 3848 180 3912 dierat.
203 3840 395 3927 (Philochor.
409 3862 458 3932 ap.
472 3841 589 3908 Euseb.
601 3835 722 3911 ¹Chron.
734 3866 764 3936 p.
780 3848 849 3912 122.
867 3846 1003 3921 Mueller
1012 3843 1198 3931 Prolegom.¹
1207 3836 1241 3934 pl

82 3952 154 4017 393.
177 3949 308 4016 Lobeek
323 3947 479 4039 Aglaoph.
491 3947 513 4030 l,
524 3970 554 4038 p.
568 3950 640 4031 616,
652 3946 744 4034 710)·
754 3960 791 4039 2).
822 3944 1020 4020 Zo'ootcaer'
1033 3950 1241 4039 Aodeutun'p

85 4065 285 4078 ‚-—--—-

121 4115 157 4180 ⁶⁸¹)
175 4116 270 4182 Neque
290 4114 322 4162 de
342 4112 446 4180 tripode
465 4113 612 4166 omittenda
628 4120 669 4167 est
680 4118 767 4181 Etyrn.
781 4118 818 4168 Μ.
831 4134 857 4182 p.
871 4115 932 4180 254,
945 4113 977 4164 10
990 4114 1092 4178 glossa:
1112 4096 1241 4184 Δέλιμικα

154 4197 202 4255 τὸν
218 4198 337 4273 τρίποδα
353 4196 497 4270 Ῥωμαῖοι·
516 4198 576 4252 ἐπεὶ
593 4203 704 4271 πρῶτον
717 4200 747 4254 ἐν
760 4203 880 4269 Δελφοῖς
890 4203 1006 4269 γέγονεν
1024 4193 1040 4266 ἢ
1056 4201 1176 4273 τρίποδα
1192 4198 1240 4256 τὸν

157 4284 309 4342 Διόνυσον·
328 4279 389 4342 οἷον
409 4282 569 4354 ἀδελφικὸν,
587 4289 635 4339 καὶ
646 4281 794 4355 δελᾲικόν·
812 4288 859 4339 καὶ
872 4286 967 4356 δελφίς
979 4285 1055 4359 παρὰ
1072 4286 1103 4342 τὸ
1120 4288 1223 4358 alelmo.

1004 4379 1042 4442 12
