2798 4672
1150 280 1226 356 213

65 483 202 552 quorum
228 460 281 528 alii
310 460 408 528 ollam
437 463 561 546 dsunt,
591 465 678 555 quod
702 463 770 530 aliis
792 486 868 535 arca
897 474 955 532 est.
1002 463 1118 532 Debeo
1143 461 1227 532 haec

65 567 219 635 Creuzeri
248 565 383 655 Dionys.
412 589 443 657 p.
465 570 505 635 15
519 593 566 661 sq.
619 569 727 636 Etiam
762 570 908 638 Cinesias
939 570 1067 637 videtur
1094 567 1226 638 Achillis

64 673 206 740 fabulam
227 674 418 763 respexisse.
441 673 555 742 Athen.
567 673 637 758 XII,
653 700 683 767 p.
695 678 757 743 551
771 675 814 742 D.
857 674 939 744 Illud
959 697 1039 742 vero
1060 695 1127 742 non
1148 677 1225 743 satis

62 779 141 844 novi
168 800 226 845 cur
245 777 407 846 Praxillae
437 802 568 849 carmen
596 779 663 872 ᾠδὴ
691 792 844 850 vocatum
870 783 926 863 sit,
958 779 1103 848 similiter
1129 789 1226 871 atque

62 881 140 950 Lasi
159 882 377 972 dithyrambus
402 885 566 955 Centauri
587 888 625 954 ab
648 887 763 955 Athen.
785 888 830 972 X,
851 912 882 979 p.
896 888 960 953 456
976 885 1014 952 C.
1038 909 1136 977 quem
1158 885 1226 974 epi-

63 989 230 1056 tomatoris
250 991 410 1080 imperitia
432 983 539 1078 ῧμνον
559 1003 670 1077 vocat3
697 1004 729 1061 et
748 995 841 1062 Jonis
869 991 1104 1081 dithyrambus,
1132 991 1225 1080 cujus

62 1096 188 1163 initium
211 1106 294 1163 erat:
314 1093 438 1166 ’Adraa
455 1125 524 1194 sqq.
570 1101 645 1185 Quo
666 1123 744 1167 vero
767 1099 865 1167 modo
888 1098 1043 1165 Centauri
1062 1093 1225 1164 Bacchico

64 1212 253 1296 argumento
281 1207 347 1295 apti
379 1207 456 1292 sint,
487 1209 607 1299 optime
643 1205 761 1274 docent
785 1205 910 1276 Horatii
936 1225 1065 1272 versus:
1098 1199 1180 1269 Odd.
1203 1197 1226 1280 I,

67 1309 116 1389 18,
137 1309 159 1374 8
178 1332 249 1401 sqq.

192 1415 236 1482 At
256 1440 298 1485 ne
322 1422 391 1511 quis
416 1421 533 1488 modici
554 1420 709 1488 transiliat
730 1441 865 1489 munera
885 1417 994 1485 Liberi

192 1523 375 1594 Centaurea
395 1538 507 1594 monet
533 1551 609 1596 cum
629 1525 773 1618 Lapithis
794 1527 865 1592 rixa
886 1545 985 1612 super
1007 1543 1096 1587 mero

191 1629 379 1714 Debellata3
403 1644 514 1701 monet
535 1634 688 1702 Sithoniis
710 1655 775 1700 non
797 1631 879 1698 Ievis
899 1628 1010 1696 Euius.

63 1733 172 1802 Manil.
195 1737 378 1806 Astronom.
400 1738 424 1821 I,
443 1741 516 1806 406.

192 1878 236 1890 -
277 1879 320 1890 -
363 1853 396 1909 et
417 1867 483 1910 una
504 1856 614 1933 gratus
636 1843 760 1912 Jaccho

193 1947 309 2014 Crater
330 1957 362 2014 et
384 1947 504 2038 duplici
526 1950 707 2018 Centaurus
729 1951 870 2040 imagine
891 1946 1002 2038 Iulget.
1063 1983 1065 1987 <

64 2054 121 2120 cfr.
161 2052 337 2143 Spanhem.
365 2055 467 2123 VPN.
495 2079 526 2146 p.
545 2056 619 2121 241.
664 2057 777 2123 Pittur.
812 2053 991 2121 d’ErcoIan.
1029 2053 1122 2121 Tom.
1149 2052 1171 2134 I,
1194 2075 1224 2142 p.

63 2158 327 2241 25-28.111,47.
360 2160 539 2228 Buonaroti
560 2161 694 2229 Observ.
717 2183 803 2250 sopr.
819 2159 878 2227 alo.
893 2157 1031 2249 Medagl
1047 2181 1079 2249 p.
1089 2157 1226 2250 427,30.

64 2265 209 2332 Crenaer
228 2265 364 2356 Dionys.
387 2289 418 2356 p.
437 2267 485 2334 14.
501 2269 563 2333 271
580 2271 659 2352 ¹⁰⁶).
707 2266 814 2333 Etiam
840 2265 1063 2333 Theodoridas
1085 2264 1227 2353 Syricu-

64 2393 162 2438 sanus
185 2369 435 2460 dithyrambum:
457 2375 644 2461 Κένταυροι
666 2373 817 2456 condidit,
840 2370 966 2457 (Athen.
981 2369 1058 2454 XV,
1072 2393 1104 2461 p.
1119 2372 1204 2454 699).

147 2476 299 2544 Fortasse
322 2480 418 2546 etiam
439 2479 644 2570 Bacchylidis
666 2481 778 2571 fragm.
796 2477 847 2562 LI,
863 2478 912 2545 ed
927 2479 1023 2548 Neue
1045 2487 1078 2545 et
1097 2475 1229 2544 Pindari

65 2584 102 2649 ir.
126 2583 197 2666 131,
220 2585 283 2650 132
303 2583 421 2673 Bergk.
443 2588 476 2652 in
502 2587 703 2677 dithyrambo
732 2585 886 2655 Centauri
914 2589 1067 2678 inscripto
1097 2584 1229 2652 exstite-

64 2699 155 2771 runt3
177 2711 372 2779 quamquam
392 2689 563 2760 Dissenius
586 2716 624 2759 ea
647 2716 690 2759 ex
711 2696 852 2761 carmine
874 2693 1035 2763 convivali
1057 2691 1228 2779 desumpta

65 2803 166 2886 putat.
1181 2849 1182 2852 ,

83 2899 88 2913 ’
150 2900 302 2991 Denique
332 2921 411 2966 vero
441 2898 587 2990 Marsyas
617 2900 765 2986 Silenus,
797 2924 917 2992 genere
948 2905 1078 2994 quidem
1104 2900 1228 2991 Phryx,

65 3009 125 3074 sed
147 3007 202 3098 qui
222 3016 288 3072 tam
311 3015 398 3074 arcte
421 3029 496 3074 cum
516 3005 718 3075 Graecorum
744 3007 862 3097 mythis
882 3008 1050 3076 Bacchicis
1073 3011 1228 3100 conjunc-

66 3123 118 3181 tus
141 3122 200 3195 est,
221 3122 258 3178 ut
277 3113 345 3179 lere
366 3113 399 3180 in
414 3113 484 3204 ipsa
495 3112 632 3181 Graecia
648 3114 795 3181 videatur
810 3116 1007 3206 progenitus,
1026 3113 1226 3203 dithyrambo

67 3219 196 3286 cuidam
216 3217 440 3309 Melanippidis
462 3242 581 3286 nomen
602 3219 723 3286 indidit.
748 3219 864 3288 Athen.
885 3220 975 3303 XIV,
996 3244 1027 3310 p.
1049 3221 1121 3285 olo.
1164 3217 1227 3285 Hic

67 3326 154 3392 enim
174 3325 321 3413 Marsyas
344 3347 418 3392 cum
440 3326 549 3392 tibiam
572 3349 591 3392 a
612 3326 757 3393 Minerva
778 3327 938 3418 abjectam
958 3327 1145 3417 reperisset,
1173 3347 1248 3391 ea»

68 3455 132 3522 que
154 3433 245 3521 quasi
265 3432 397 3498 inventa
417 3432 534 3498 mirum
557 3441 713 3522 quantum
735 3431 924 3523 gloriaretur
945 3455 984 3501 eo
1008 3455 1112 3524 usque
1126 3433 1227 3499 [astus

70 3537 300 3629 superbiaeque
329 3539 502 3627 processit,
533 3546 585 3619 ut,
618 3560 693 3605 cum
720 3539 802 3604 inter
822 3538 961 3627 Cybeles
988 3540 1071 3606 forte
1092 3537 1228 3606 comites

71 3654 217 3712 versatus
241 3667 259 3710 a
280 3642 411 3711 Baccho
434 3665 499 3710 una
526 3665 601 3710 cum
621 3642 695 3710 Dea
723 3653 755 3710 et
776 3643 925 3736 Apolline
950 3647 984 3712 in
1010 3645 1115 3713 insula
1135 3644 1228 3732 Nysa
1307 3680 1312 3689 ,

58 3745 276 3842 exciperetur
294 3748 444 3842 hospitio,
471 3752 578 3840 ipsum
599 3749 782 3840 Apollinem
803 3750 845 3818 ad
867 3761 1029 3819 certamen
1050 3771 1228 3840 provocare

72 3879 170 3924 ausus
198 3863 301 3938 esset,
334 3879 417 3948 quae
444 3857 579 3925 audacia
599 3864 708 3925 tamen
728 3857 790 3948 ipsi
811 3865 877 3925 tarn
898 3856 982 3924 male
1004 3855 1142 3924 cessisse
1163 3863 1228 3921 tra·

109 4115 157 4181 ¹⁰⁵)
174 4117 217 4168 De
235 4113 429 4168 Chaeremonis
446 4119 576 4168 centauro
593 4113 745 4183 nuperrime
764 4113 833 4167 dixit
850 4114 933 4168 Henr.
950 4079 1072 4166 Bartsch.
1087 4112 1107 4164 1.
1124 4112 1142 4165 I.
1161 4128 1189 4180 p.
1201 4112 1230 4178 8,

137 4201 173 4255 28
185 4217 244 4270 sqq.
263 4199 311 4270 qui
327 4201 362 4253 ad
380 4199 539 4268 dithyrambi
557 4201 715 4256 recentioris
732 4200 816 4254 Attici
831 4199 960 4265 indolem,
977 4199 1005 4254 id
1025 4214 1132 4253 carmen
1149 4213 1230 4266 quarn

138 4286 255 4342 maxime
273 4287 466 4343 conferendum
485 4294 588 4343 censet.
617 4288 674 4344 Otr.
692 4290 746 4343 1.1.
765 4304 793 4356 p,
811 4286 848 4343 lb
864 4302 923 4356 sqq.
