2798 4672
1161 260 1238 335 203

79 450 228 537 conjmrx,
250 441 381 509 Baccho
403 439 577 529 fingeretur-
595 441 629 504 in
651 440 889 505 nratrimonium
910 441 1026 509 offerri.
1061 444 1115 508 clr.
1139 443 1234 510 Dem.

78 575 104 617 c.
128 551 245 618 Neaer.
267 548 297 637 p
324 546 405 612 1369
427 566 495 634 sqq.
523 543 663 632 Hesych.
683 540 859 608 «Διονύσου
878 541 993 630 γάμος,
1044 550 1151 634 Quem
1179 550 1236 617 ad.

77 657 210 723 modum
238 654 323 721 enim
348 652 381 716 in
403 649 499 717 Naxo
528 649 633 716 insula
663 648 872 739 Hymenaeus
900 650 1069 742 aliquando
1098 657 1236 744 primum

76 773 174 852 atque
193 759 340 827 ultimum
362 779 492 825 carmen
513 779 609 822 suum
630 755 772 845 nuptiale
785 758 819 822 in
833 756 954 824 Bacchi
970 767 1065 848 atque
1079 762 1235 829 Ariadnes

74 869 362 956 nuptiis'caneret,
384 864 484 931 sicin
505 862 731 943 Anthesteriis,
754 861 871 928 chorus
891 866 924 931 in
946 863 1126 954 Hymenaei
1146 870 1236 936 vices

75 973 263 1053 succedens,
279 972 429 1059 reginam
450 970 546 1034 istoru
567 969 706 1035 Atticam
719 968 867 1057 Dionyso
881 971 1056 1036 nubentem
1070 972 1123 1062 pie
1144 973 1236 1039 vide-

76 1089 126 1144 tur
148 1076 392 1144 concelebrasse
413 1072 709 1162 dildryrambiwl..
726 1106 741 1138 ;.

119 1230 122 1237 ·
161 1183 314 1250 Concedo
348 1180 433 1247 hanc
460 1180 500 1246 de
528 1180 738 1247 Anthesteriis
764 1183 948 1271 opinionem
975 1205 1041 1249 non
1074 1206 1154 1249 sane
1181 1181 1235 1249 lir-

75 1291 223 1356 missimis
247 1287 588 1376 sotumi-praesidiis,
622 1288 757 1376 sortasse
779 1297 887 1354 tamen
909 1289 1008 1378 digna
1027 1312 1114 1356 nunc
1144 1289 1235 1359 vids·

74 1396 167 1476 bitur,
179 1418 273 1485 quae
296 1394 492 1481 argumentis
513 1394 683 1482 rejiciatur,
703 1417 767 1460 nec
788 1394 957 1460 damnetur
971 1417 1030 1484 pro
1049 1397 1190 1475 somniis.
1233 1428 1236 1433 ·

158 1502 326 1568 Venimus.
348 1499 389 1566 ad
424 1521 542 1588 magna
573 1498 730 1587 Dionysia
764 1500 804 1567 ad
847 1523 929 1590 quae
965 1500 1099 1590 eyclios-
1118 1501 1235 1569 choros

74 1609 265 1694 pertinuisse
294 1608 389 1673 certis
417 1614 563 1672 veterum
591 1606 778 1672 testimoniis
805 1616 940 1673 constat.
991 1606 1118 1675 Etenim
1139 1609 1233 1675 Arist.

73 1711 182 1778 Nubb.
202 1737 232 1778 v.
250 1713 329 1777 341:

112 1995 212 2062 )90.1
232 1964 352 2049 11θ1ι1ιιι
370 1998 495 2061 Prolegg.
519 1995 553 2045 ad
572 1968 695 2059 'lheogm
716 2011 742 2060 p.
760 1994 901 2046 LXXXIX.
926 1997 1041 2050 Nachtr.
1058 2017 1085 2065 p.
1105 2000 1157 2052 188
1175 2015 1235 2069 sqq.

112 2078 267 2136 Gerhard
292 2084 429 2134 Auserles.
452 2080 565 2133 Vnsenh.
584 2099 611 2147 ιι.
631 2078 683 2131 130
700 2095 740 2147 sq.
775 2080 913 2133 Prellerl.
931 2083 951 2134 1.
970 2098 996 2150 p.
1012 2084 1090 2138 1057.
1125 2085 1215 2141 Qua
1205 2101 1235 2137 ιιι

144 2185 172 2220 re
193 2168 247 2220 duo
265 2166 431 2220 observanda
449 2170 566 2234 restant,
591 2166 704 2218 alterum
728 2166 801 2232 quod
824 2168 896 2235 apud
915 2167 1021 2221 Siculos
1039 2184 1147 2239 quoque
1164 2172 1236 2225 festa

143 2256 348 2307 celebrabantur
379 2249 522 2326 Θεογάμια
548 2254 597 2305 καὶ
624 2247 815 2324 ἄνθεσῳόριαι
842 2253 871 2305 in
899 2254 1026 2309 honorem
1056 2256 1236 2326 Proserpinae

144 2336 340 2411 [Περσεφόνην
357 2340 554 2409 Melanippides
573 2338 685 2406 cecinit)
710 2356 742 2393 ac
760 2340 946 2397 chthoniorum
966 2344 1106 2413 numinum·
1122 2347 1235 2412 (Pollux

142 2427 229 2494 1,32)
253 2431 367 2481 alterurn
393 2429 465 2497 quod
493 2429 564 2496 apud
586 2426 734 2494 Aeginetae
756 2427 901 2497 Delphinio
926 2447 1034 2495 mense,
1061 2433 1155 2505 eadem
1180 2449 1235 2501 quo

143 2515 215 2580 apud
233 2515 412 2569 Athenienses
430 2512 612 2580 Authesteria,
630 2513 878 2582 Hydrophoriorurn
896 2533 973 2570 sacra
990 2518 1085 2573 inferis
1104 2520 1155 2574 diis
1172 2536 1236 2590 per-

143 2602 294 2665 agebantur
317 2603 445 2667 (Mueller
458 2600 602 2654 Eumenid.
614 2617 641 2668 p.
653 2601 725 2667 141).
744 2628 779 2642 -
797 2602 827 2652 ln
845 2602 1058 2659 Atlresteriorum
1076 2608 1148 2662 festo
1164 2610 1236 2662 Bac-

142 2682 254 2749 chylidis
271 2703 380 2754 quoque
396 2689 478 2739 eredo
498 2687 692 2752 dithyrambum
710 2692 847 2740 cantatum
866 2705 926 2743 esse
944 2709 1016 2761 eum,
1033 2696 1106 2747 unde
1124 2697 1235 2750 Servius

144 2771 178 2821 ad
195 2772 270 2838 Mirg.
288 2775 356 2825 Aen.
375 2774 419 2838 Vl,
436 2775 471 2825 22
494 2772 639 2840 exscripsit
656 2773 702 2824 Vll
727 2788 872 2840 puerorum
894 2784 923 2830 et
945 2784 1095 2847 puellarum
1115 2784 1236 2851 uomina,

133 2873 210 2926 'quos
228 2875 245 2911 a
263 2858 416 2931 Minotauro
436 2857 559 2911 Theseus
587 2873 678 2910 seeum
702 2856 831 2910 liberasse
854 2859 1000 2918 ferebatur.
1037 2868 1149 2922 Scilicet
1165 2873 1236 2925 Bac-

144 2943 261 3011 chylides
271 2944 433 3027 priusquam
460 2945 494 2996 ad
513 2942 707 3013 praedicandas
725 2943 827 2996 Bacchi
853 2951 881 2996 et
896 2948 1056 3002 Ariadnes
1048 2969 1077 3004 ιιι
1094 2956 1199 3007 Naxo
1190 2975 1235 3009 rn-

143 3032 202 3082 sula
220 3030 329 3099 nuptias
354 3036 384 3084 se
410 3014 577 3101 accingeret,
600 3034 635 3082 ne
657 3030 786 3082 laudandi
801 3030 921 3084 Athenas
939 3022 1130 3108 Theseumque
1154 3058 1235 3096 occa-

143 3118 246 3170 sionem
264 3119 413 3186 omitteret,
440 3130 526 3187 esque
545 3120 578 3171 nd
597 3117 670 3170 illius
692 3116 818 3171 sacrificii
842 3123 1122 3180 commemorationem
1143 3130 1235 3197 potuit

144 3206 283 3272 accedere,
302 3207 374 3273 quod
390 3206 545 3259 Minotauro
560 3204 685 3259 Cretensi
704 3204 848 3273 quotannis
866 3207 899 3257 ab
910 3205 1118 3266 Atheniensibus
1132 3214 1236 3269 offera-

143 3293 244 3345 bntur.·
266 3293 331 3344 Inde
355 3292 497 3345 transitum
514 3309 610 3360 [raram
630 3293 666 3345 ad
683 3291 815 3345 Ariadnes
833 3292 987 3363 'l'hcseique
1011 3314 1115 3354 amores
1144 3303 1235 3372 potuit

141 3380 287 3446 fugamque
305 3382 412 3446 puellae
430 3396 490 3433 curn
507 3378 606 3442 juvene
624 3379 706 3430 heroe
725 3377 899 3446 maritimam,
923 3387 1151 3457 quamlvirginem
1170 3409 1233 3451 cunr

143 3483 274 3536 asponso
300 3466 329 3521 in
354 3467 432 3518 Naxo
458 3464 547 3518 insula
571 3465 736 3534 expositam,
768 3468 849 3532 atque
878 3482 927 3535 per
951 3469 1074 3538 quietem¹
1096 3477 1232 3535 inventam

142 3554 265 3606 finxisset
283 3570 298 3604 a
316 3552 435 3620 Dionyso
454 3552 612 3620 comitibus,
639 3552 746 3605 tandem
764 3566 820 3619 quo
838 3554 967 3609 tendebat
982 3561 1123 3627 pervenire
1141 3580 1178 3618 sc.
1198 3567 1233 3619 ad

140 3640 242 3694 Bacchi
259 3656 320 3693 cum
336 3641 455 3693 Ariadne
472 3654 586 3692 amores.
623 3639 710 3706 Cujus
729 3638 803 3692 modi
818 3655 874 3692 non
890 3641 1022 3709 ingratam
1048 3649 1133 3704 luisse
1155 3660 1234 3720 spee-

124 3728 276 3780 --tetaribus
301 3728 335 3779 de
353 3727 462 3781 Theseo
486 3727 668 3814 pmlusionem
692 3733 740 3780 ant
763 3726 957 3793 digressionem
975 3735 1149 3804 crediderim,
1165 3743 1233 3792 tum

106 3856 109 3863 .
144 3812 208 3879 quia
225 3814 413 3877 Athenienses.
421 3814 561 3869 libenter
553 3831 583 3867 ιιι
607 3808 734 3867 memoria
752 3813 833 3881 patrii
850 3814 940 3872 herois
957 3828 1141 3890 uersarentur,
1164 3829 1232 3892 tum,

142 3897 206 3965 quia
231 3884 290 3951 aliis
313 3901 394 3954 etiarn
417 3888 568 3954 nominihus
593 3901 717 3955 Theseus
740 3904 774 3954 ad
796 3904 929 3957 Bacchica
951 3907 1110 3973 pertineret,
1134 3908 1232 3979 quippe

143 4000 223 4050 quem
241 3985 353 4053 primum
377 3986 493 4056 ferrent,
521 3991 570 4041 deo
594 3989 786 4057 oschophorica
803 3993 966 4058 instituisse,
988 3998 1050 4045 ante
1068 4011 1147 4062 quarn
1167 4013 1233 4051 con·

143 4071 244 4134 junctis
273 4073 378 4142 populis
407 4075 536 4142 Dionysia
563 4079 666 4130 urbana
692 4076 721 4128 in
747 4079 875 4133 honorem
903 4078 1002 4132 nneebt
1032 4085 1233 4142 celebrarentur

144 4159 273 4213 (Boseth.
291 4161 578 4217 Comitanassus..
592 4160 670 4230 1811.
690 4181 716 4232 ιι.
735 4168 808 4232 llll.
