2798 4666
126 212 203 288 218

124 398 291 489 negotium
304 393 505 487 peperissent
519 403 637 484 poetae
658 391 1034 483 comica-didryrambici,
1055 414 1138 486 quos
1157 395 1193 463 in
1206 392 1290 463 Hist

125 505 192 571 crit.
214 526 246 594 p.
267 503 332 569 526
353 524 401 592 sq.
424 522 489 568 uno
511 499 741 567 Anaxandride
763 509 919 590 excepto,
949 501 1077 591 penitus
1098 509 1291 570 everteres

123 611 227 701 poetis
248 607 358 675 studet
385 608 437 694 (cf.
459 631 490 698 p.
513 607 598 692 373).
640 606 725 675 Vide
746 627 841 687 vero,
874 629 971 697 quam
1000 606 1133 698 egregie
1158 616 1289 676 nostrae

123 715 302 783 sententiae
322 716 431 782 faveat
450 712 561 782 Schol.
584 713 637 780 Ar.
653 711 757 780 Rann.
773 712 837 778 323
857 712 1092 797 testimonium,
1119 735 1141 781 a
1160 716 1289 784 nemine

124 823 211 913 quod
239 823 340 890 sciam
369 830 458 888 reete
490 829 711 910 perspectum:
745 817 1047 905 Διθυραμβοιιοιὸς
1073 815 1094 885 ὁ
1120 814 1289 911 Διαγόρας

124 925 284 1009 ποιητής·
321 926 463 1014 συνεχῶς
491 923 596 1011 Ἴακχε
634 922 726 1016 ᾄδων
743 929 814 1010 10’)
847 923 999 1011 κωμικὸς.
1049 926 1287 1015 διθυραμβικὰ

123 1034 275 1100 τουτέστι
295 1032 499 1100 Διονυσιακὰ
526 1031 685 1123 δράματα
714 1032 830 1101 ποιῶν.
873 1032 963 1100 Sane
983 1031 1166 1124 Diagoram
1186 1037 1287 1104 comi·

124 1162 198 1208 curn
216 1140 312 1207 nemo
334 1143 438 1209 novit:
467 1163 529 1208 nec
556 1143 584 1208 si
611 1129 783 1206 attenderis
804 1138 868 1206 hoc
890 1138 966 1206 dicit
986 1138 1108 1224 Schol,
1135 1142 1202 1208 imo
1222 1140 1287 1211 bac

121 1248 238 1328 innuit,
272 1247 451 1338 Diagoram
488 1247 673 1337 dionysiaca
708 1245 852 1313 dramata
883 1245 915 1313 h.
943 1270 971 1314 e.
1002 1244 1224 1336 dithyrambos
1252 1250 1286 1317 in

122 1355 248 1443 magnis
270 1351 435 1444 Dionysiis
463 1355 656 1435 cantandos,
688 1354 920 1443 composuisse.
963 1351 1063 1437 Quod
1082 1354 1174 1421 enim
1188 1352 1286 1423 Liba·

121 1461 193 1526 nius
215 1459 289 1529 Vol.
312 1458 360 1542 lll,
381 1483 411 1550 p.
433 1460 478 1526 53
500 1462 580 1552 ajat:
610 1456 672 1539 τὴν
696 1454 865 1525 Ἐλευσῖνα
893 1458 950 1524 aad
984 1455 1044 1536 τὰς
1076 1452 1286 1561 &neptricum

122 1562 287 1654 ἒκωμῴδει
315 1561 463 1648 τελετάς,
499 1589 519 1631 a
546 1565 704 1632 Meinekio
739 1565 826 1632 male
855 1588 931 1633 cum
961 1563 1157 1633 scholiastae
1184 1566 1285 1634 nostri

121 1672 227 1738 verbis
251 1671 470 1739 confunditur:
499 1693 606 1762 neque
633 1670 720 1738 aliud
747 1673 923 1764 quidquam
939 1670 1043 1754 valet,
1071 1694 1172 1762 quarn
1195 1670 1284 1763 quod

121 1776 230 1845 Schol.
253 1779 348 1845 Arist.
370 1776 476 1845 Nubb.
497 1778 561 1843 828
584 1777 625 1844 de
647 1779 833 1868 Aristagora
855 1778 997 1870 quodam
1017 1778 1159 1868 profert:
1187 1778 1225 1843 ot
1250 1776 1284 1843 dt

121 1882 233 1963 ἐπειδὴ
253 1879 501 1973 Ἀρισταγόρας
516 1907 567 1960 τις
585 1882 880 1971 διθυραμβοποιὸς
893 1880 1102 1972 ἐξωρχήσατο
1115 1882 1161 1947 τὰ
1177 1879 1284 1951 ’litas

122 1987 225 2055 σίνια.
269 1990 333 2076 (De
355 2014 438 2059 voce
460 1992 672 2078 ἐξορχεῖσθαι
695 1994 750 2058 cfr.
769 1993 954 2082 Wagnerus
976 1991 1017 2076 Q.
1035 1988 1074 2057 Λ.
1091 1988 1150 2081 Sp
1163 1988 1186 2074 l,
1199 1990 1284 2082 pat

120 2095 280 2162 Seidelius
315 2099 349 2163 in
381 2096 576 2165 Charinomo
599 2097 621 2180 l,
643 2121 675 2188 p.
696 2098 787 2183 365.)
842 2096 974 2165 Scilicet
1009 2118 1087 2164 eum
1122 2094 1284 2185 Diagorae

121 2213 217 2294 atque
239 2204 439 2294 Aristagoras
460 2205 514 2271 isti
535 2213 591 2270 aut
616 2204 650 2271 in
672 2203 864 2271 carminibus
887 2201 1126 2291 dithyrambicis
1147 2192 1284 2293 eapro-

120 2310 284 2376 fanassent
306 2311 443 2394 effando,
467 2305 654 2399 (ἐκωμῴόει)
676 2333 761 2400 quae
782 2330 848 2377 non
862 2310 1022 2376 nisiinter
1037 2308 1179 2375 initiatos
1193 2308 1284 2375 effari

119 2414 242 2482 licitum
265 2425 365 2499 esset,
383 2425 450 2483 aut
471 2418 504 2482 in
527 2416 829 2507 dithyrambicarum
855 2415 1063 2483 saltationum
1090 2412 1200 2507 figuris
1222 2415 1284 2483 mi·

120 2522 203 2586 mice
219 2522 332 2587 similia
348 2522 558 2613 exprimenda
572 2533 747 2604 curassent,
770 2517 1001 2610 (ἐξωρχήσατο)
1025 2542 1106 2613 quae
1124 2520 1160 2587 in
1178 2520 1284 2587 sacris

119 2625 358 2694 Eleusiniorum
377 2629 488 2696 ritibus
511 2651 608 2719 agere
629 2630 760 2720 patique
782 2629 925 2696 solerent
940 2628 1062 2713 initiati,
1083 2626 1283 2695 comicorum

119 2733 221 2800 instar
248 2757 285 2801 se
317 2758 430 2826 gerere
461 2734 665 2818 videbantur,
702 2736 801 2827 quod,
831 2737 925 2802 sicuti
951 2736 1066 2803 cornici
1086 2730 1282 2823 reipublicae

118 2863 238 2930 pravos
269 2840 546 2934 degeneratosque
574 2864 682 2909 mores
715 2842 838 2908 infestis
868 2841 939 2909 telis
966 2838 1208 2930 transfigerent,
1236 2838 1282 2907 sic

117 2947 181 3038 ipsi
200 2957 313 3015 contra
334 2971 427 3016 sacra
449 2948 584 3016 deorum
609 2950 753 3016 instituta
781 2957 904 3016 temere
924 2948 1096 3039 impietatis
1124 2944 1282 3015 vexillum

117 3053 277 3122 tollerent.
320 3053 475 3122 Ceterum
501 3055 740 3139 Uhicium¹⁰⁸l
768 3076 898 3146 quoque
927 3057 1116 3146 conjectura
1141 3050 1282 3119 adhibita

118 3161 214 3227 video
241 3161 275 3227 in
307 3162 424 3228 eadem
452 3161 645 3252 explicando
678 3159 801 3227 scholio
830 3158 1059 3250 periclitatum,
1092 3156 1182 3226 hunc
1208 3157 1283 3227 inde

116 3287 252 3332 sensum
272 3266 438 3335 elicuisse:
459 3292 561 3351 „cum
582 3269 643 3334 tria
663 3267 866 3358 potissimum
886 3265 1058 3333 chororum
1079 3286 1203 3356 genera
1222 3264 1283 3332 Sa·

118 3371 191 3455 tyri,
212 3372 282 3453 viri,
302 3377 458 3465 puerique
475 3374 653 3465 cycliorum
667 3371 840 3440 charorum
853 3375 984 3440 nomine
997 3370 1152 3462 insignita
1165 3378 1283 3451 essem,

118 3474 294 3566 Diagoras,
320 3481 439 3570 quippe
461 3484 517 3572 qui
537 3481 661 3570 Satyris
688 3477 919 3568 dithyrambica
940 3477 1085 3544 dramata
1106 3498 1281 3567 compone

117 3592 183 3666 ret,
211 3583 333 3649 facturn
355 3608 427 3651 esse
452 3596 489 3651 ut
516 3587 646 3652 conricis
677 3582 780 3675 poetis
807 3584 1073 3653 adscriberetur.”
1098 3582 1194 3669 ¹(qiua
1215 3581 1284 3673 opi·

116 3692 230 3774 nione,
261 3689 337 3758 licet
368 3689 562 3758 scholiastae
596 3694 787 3758 sententiam
815 3714 881 3758 non
912 3691 1119 3781 perspexerit
1144 3686 1284 3757 Ulricius

118 3805 227 3866 tamen
266 3798 445 3869 doctrinam
476 3797 613 3864 hominis
653 3797 811 3865 lleinekio
849 3796 1070 3889 providentius
1109 3804 1164 3861 et·
1180 3794 1284 3885 magis

117 3902 274 3974 benevole
290 3908 430 3999 agnovit.
474 3904 598 3992 Quibus
613 3906 781 3995 perpensis
789 3903 965 3986 Welckeri,
988 3900 1286 3993 dithyrambica

118 4056 320 4075 ’ἡ

158 4148 207 4215 ¹⁰⁷)
222 4150 305 4204 Hanc
318 4156 407 4211 locum
427 4158 517 4213 omisit
534 4154 666 4225 Bergkius
688 4155 717 4208 ia
734 4153 823 4223 poetis
840 4154 915 4221 Lyrr.
934 4170 962 4225 p.
980 4152 1042 4208 stt.

159 4234 207 4303 ¹⁰⁸)
227 4238 323 4292 Garat.
341 4243 390 4297 der
407 4243 468 4299 teta.
486 4245 655 4300 Dichttrmst.
673 4243 753 4297 Toou.
765 4243 800 4309 ll,
811 4240 910 4311 pbssb.
