2798 4672
178 249 253 322 114

259 429 376 498 Aede
407 428 647 520 prooemiorum
680 448 744 494 usu
774 429 806 495 in
839 430 943 497 nomis
978 426 1251 520 dithyrambisque
1282 450 1338 495 sa-

174 540 214 605 tis
236 536 409 628 frequenti,
436 557 502 603 non
524 534 683 624 estquod
705 533 848 625 pluribus
877 546 1059 626 exponatur
1088 537 1156 621 (eir.
1180 533 1338 605 Schaeler

173 643 334 719 Meletem.
346 666 377 732 p.
390 644 453 726 29).
499 641 653 708 Ceterum
682 663 748 708 non
778 643 923 731 angustis
952 640 1067 710 finibus
1095 643 1338 732 prooemiorum

175 750 455 840 circumscriptum
487 747 643 814 ambitum
676 747 792 829 luisse,
828 748 905 816 inde
942 748 1094 839 colligas,
1128 749 1216 840 quod
1244 748 1336 817 Suid.

174 858 268 926 Tum.
291 855 457 946 1,p.149‚
487 853 541 921 vel
569 853 609 920 de
630 852 787 943 prooemii
814 857 969 945 principio
993 854 1145 946 loquatur
1170 853 1237 925 his:
1268 851 1337 941 ἀμ-

173 960 401 1052 φιαναιιτίζειν
415 956 510 1051 ᾄδειν
522 957 581 1025 τὸν
606 953 822 1048 Τερπάνδρου
843 958 947 1046 νόμον
962 959 1022 1026 τὸν
1042 960 1246 1047 καλούμενον
1260 957 1338 1050 Ὄρ-

172 1073 267 1151 ooo,
294 1059 336 1136 οὗ
356 1067 400 1133 τό
420 1060 642 1153 προοίμιον
664 1064 816 1147 ταύτην
838 1065 909 1146 τὴν
930 1062 1056 1154 ἀρχὴν
1077 1055 1194 1154 εἶχεν.
1236 1063 1338 1156 Ἀμφὶ

172 1180 233 1264 μοὶ
255 1163 299 1241 αὖ
320 1172 380 1240 τὸν
401 1168 533 1259 ἄναχθ’
557 1169 760 1260 ἑκατηβόλον
782 1171 889 1263 ᾀδέτω
911 1172 1011 1261 φρὴν.
1055 1177 1165 1265 ltaque
1186 1196 1248 1241 nec
1264 1174 1337 1264 ipsa

172 1291 323 1374 poterant
344 1279 549 1348 artificiorum
571 1302 667 1370 egere
689 1278 870 1348 luminibus.
922 1283 999 1349 Jam
1020 1302 1098 1348 vero
1121 1303 1196 1347 cum
1217 1302 1335 1349 nomos

173 1386 335 1457 Timothei
362 1385 461 1468 XDI,
495 1385 714 1474 dithyrambos
739 1385 839 1456 XVIII
867 1389 1045 1455 numerarit
1069 1387 1203 1471 Suidas,
1233 1387 1336 1470 vides,

174 1519 238 1589 quo
257 1499 330 1588 jure
351 1491 515 1562 XXXVII
542 1492 700 1560 addiderit
726 1495 913 1583 prooemia3
943 1516 1020 1559 nam
1046 1489 1096 1573 λζ’
1118 1516 1178 1584 pro
1200 1487 1254 1570 λς’
1282 1516 1336 1563 re·

172 1601 379 1671 scribendum
401 1623 482 1681 esse,
504 1600 538 1665 in
560 1608 671 1688 aperto
695 1609 753 1665 est.
796 1597 908 1688 ltaque
925 1603 995 1692 jam
1016 1599 1141 1691 reliqua
1161 1609 1238 1667 sunt
1258 1598 1336 1668 sre-

172 1708 271 1801 phani
292 1703 458 1794 προνόμια
480 1702 590 1771 ἄλλων
607 1704 716 1791 χίλια,
742 1706 858 1797 quibus
880 1705 985 1773 verbis
1012 1705 1215 1775 admovenda
1234 1706 1334 1774 inter-

173 1814 325 1906 pretatio,
364 1835 430 1880 non
466 1813 648 1908 emendatio
682 1822 739 1879 est.
793 1814 841 1879 Ao
874 1812 1082 1880 Timotheum
1109 1814 1335 1881 *vetustiorum

171 1930 341 2012 poetarum
363 1919 477 1986 modos
507 1917 675 1985 refinxisse
703 1942 824 2010 eosque
847 1920 888 1987 ad
915 1943 987 1986 eam
1017 1942 1114 2010 quam
1139 1921 1209 2010 ipse
1233 1920 1269 1987 in
1295 1943 1335 1989 re

171 2028 508 2115 musicasequeretur
528 2026 687 2093 rationem
708 2035 939 2115 attemperasse
961 2050 1004 2094 ex
1025 2028 1334 2095 commemoratione

172 2134 396 2202 diasceuarum
423 2132 604 2223 suspicatur
625 2130 803 2199 Meinelius
824 2129 896 2201 hist.
920 2134 988 2201 crit.
1010 2156 1042 2224 p.
1056 2133 1109 2199 32.
1159 2132 1229 2203 Nos
1251 2156 1333 2201 vero

169 2238 228 2307 has
249 2242 333 2306 inter
361 2235 539 2315 διασκευόις
560 2238 731 2305 'exstitisse
750 2236 903 2305 Navitam
924 2240 1121 2328 conjecimus
1150 2262 1193 2305 ex
1213 2239 1333 2313 Eusene

170 2346 236 2413 thio
259 2369 290 2435 p.
305 2347 397 2426 1538,
414 2345 445 2410 4.
488 2344 547 2410 His
569 2344 666 2431 igitur
687 2342 876 2418 διασκευαῖς
896 2352 975 2432 puta
998 2344 1035 2409 Τ.
1059 2342 1248 2432 praefixisse
1263 2346 1334 2413 sin·

170 2453 246 2543 gula
268 2451 452 2542 pronomia‚
480 2449 515 2514 in
545 2449 732 2513 universum
754 2448 821 2513 lere
843 2447 884 2513 ad
910 2469 1079 2514 numerum
1102 2447 1136 2515 M
1165 2466 1332 2519 versuum:

168 2557 264 2624 Petet
282 2556 374 2635 inde,
407 2575 505 2642 quiam
529 2561 604 2642 apte
630 2551 746 2618 dixerit
766 2547 878 2616 ἄλλων
895 2548 989 2636 χίλια
1017 2576 1101 2643 quae
1123 2555 1203 2621 mire
1225 2564 1332 2625 torse-

168 2670 244 2727 runt
268 2661 474 2746 interpretes,
503 2679 584 2746 quos
612 2658 696 2725 inter
724 2659 778 2747 qui
799 2658 940 2726 hleursio
970 2669 1003 2726 et
1024 2658 1172 2727 Berkelio
1194 2683 1330 2750 praece·

168 2764 315 2832 dentibus
337 2760 448 2829 ἄλλων
469 2766 718 2831 commutarem
732 2759 844 2830 αὐλῶν
859 2764 980 2833 vellent
997 2765 1185 2857 longissime
1208 2790 1228 2835 a
1248 2787 1328 2837 vero

167 2870 346 2938 abluenmt

251 2979 361 3067 ltaque
393 2976 479 3066 apud
506 2977 642 3044 Suidam
666 2977 766 3045 habes
794 2976 841 3042 δι’
873 2978 963 3045 ἐπῶν
992 2976 1115 3061 νόμους
1148 2978 1328 3064 μουσικοὺς

166 3083 341 3150 δεκαεννέα
361 3085 449 3175 apud
470 3081 671 3173 Stephanum
694 3083 807 3169 νόμων
833 3086 1068 3176 κιθαρῳδικῶν
1100 3085 1239 3170 βίβλους
1267 3084 1328 3153 ότι-

166 3187 349 3260 τωκαίδεκα
371 3186 416 3268 εἰς
438 3190 525 3257 ἐπῶν
546 3185 793 3276 ὀκτακισχιλίων
815 3190 874 3257 τὸν
894 3189 1057 3280 ἀριθμὸν.
1101 3192 1136 3261 ln
1158 3215 1222 3283 quo
1244 3215 1327 3261 cave

165 3321 208 3365 ne
229 3298 371 3388 dupplici
391 3299 482 3365 verbi
503 3295 592 3363 εἰινῖν
611 3296 843 3388 significatione
864 3299 973 3367 induci
994 3310 1026 3369 te
1045 3304 1078 3369 in
1094 3322 1236 3367 errorem
1249 3322 1327 3390 pas·

165 3428 231 3485 sus,
253 3402 389 3471 alterum
410 3415 518 3471 utrum
540 3405 700 3472 mendacii
720 3406 925 3472 manifestum
952 3430 1024 3474 esse
1046 3428 1214 3497 coarguas.
1256 3405 1327 3475 Sed

165 3532 209 3578 ex
237 3508 410 3576 Plutarcho
443 3509 551 3577 lucem
580 3512 734 3579 incende:
769 3509 947 3590 πεποίηται
974 3513 1009 3578 δὲ
1043 3509 1244 3603 Τερπάνδρῳ
1266 3516 1326 3579 καὶ

164 3613 325 3704 προοίμια
346 3615 556 3705 κιθαρῳδικὰ
577 3618 614 3681 ἐν
633 3616 807 3702 gasewu)
836 3609 888 3682 δτι
911 3619 947 3683 δὲ
968 3620 1001 3684 οἱ
1022 3619 1244 3709 κιθαρῳδικοὶ
1267 3615 1325 3687 νό-

162 3747 223 3809 μοι
243 3725 276 3791 οἱ
298 3720 403 3790 πάλαι
424 3724 458 3805 ἐξ
477 3723 565 3790 ἐπῶν
582 3721 780 3805 ξυνίσταντο
807 3721 1014 3810 Τιμόθεος
1033 3722 1195 3805 ἐδήλωσε·
1229 3723 1324 3805 τούς

162 3828 259 3915 γοῦν
280 3827 460 3919 πρώτους
481 3826 632 3914 νόμους
653 3831 694 3895 ἐν
713 3827 829 3896 ἔπεσι
844 3829 1096 3921 διαμιγνύων
1114 3833 1323 3923 διθυραμ-

164 3997 365 4010 -ῇ

198 4096 234 4162 “)
253 4096 309 4150 Ch.
328 4100 400 4151 Plut.
418 4099 461 4150 Vl.
480 4093 514 4149 τὰ
531 4091 586 4165 γὰρ
605 4091 675 4166 πρὸς
692 4091 754 4154 τοὺς
771 4090 852 4153 θεοὺς
870 4091 1100 4170 ἆφοσιωσαμέυοι
1117 4098 1259 4166 ἐξέβαινον
1275 4092 1321 4153 εὐ-

228 4180 280 4242 θὺς
297 4183 344 4237 ἐπὶ
360 4181 409 4251 τὴν
423 4179 543 4255 Ὁμήρου
562 4182 679 4236 καὶτῶν
697 4175 788 4238 ἄλλων
806 4185 931 4247 ποίησιν·
951 4183 1036 4251 δῆλον
1054 4185 1086 4240 δὲ
1103 4183 1181 4239 τοῦτ’
1199 4185 1258 4240 ἔστι
1271 4181 1321 4239 διδ

228 4270 282 4325 τῶν
303 4266 484 4341 Τερπάνδρου
502 4273 666 4343 προοιμίων.
