2798 4672
181 249 254 323 loa
281 320 283 326 .

179 433 228 500 ed.
249 429 395 497 Larsow.
441 431 547 520 Atque
570 451 612 495 ex
639 427 689 495 his
711 428 850 520 denique
877 428 1046 496 elementis
1072 452 1152 497 vera
1171 431 1340 520 tragoedia

176 536 337 627 prosiluit,
366 545 403 602 ut
423 538 600 603 rectissime
621 531 685 601 huc
707 536 817 601 referri
838 537 942 626 possit
962 536 1091 602 Aristot
1114 536 1152 602 A.
1174 536 1211 602 P.
1235 560 1264 604 c.
1282 535 1338 606 lV.

176 641 302 718 πολλάς
332 640 520 727 μεταβολὰς
552 641 790 728 μεταβαλοῦσα
823 639 842 722 ἡ
877 639 1046 731 τραγῳδία
1078 638 1251 708 ἐπαύσατο
1279 645 1339 708 καὶ

177 748 250 835 ἔσχε
274 747 335 829 τὴν
356 749 475 828 ἑαυτῆς
500 743 615 835 φύσιν.
665 749 733 814 Sed
762 749 948 839 tragoediae
975 749 1137 839 inquirere
1162 749 1338 838 primordia

176 880 263 924 nuno
283 865 429 922 nostrum
450 878 515 921 norr
539 865 602 937 est3
636 853 794 921 sufficiant
815 856 912 945 igitur
932 852 1014 921 haec
1037 862 1070 920 et
1092 876 1175 944 quae
1197 852 1240 922 de
1260 854 1339 946 lyri-

178 986 235 1030 cae
263 962 448 1050 tragoediae
475 970 544 1027 tum
572 960 751 1051 primordiis
785 970 854 1028 tum
885 970 1000 1026 natura
1029 962 1229 1050 praemonui.
1245 988 1249 993 ·
1265 962 1338 1030 -sin

176 1092 254 1136 vero
278 1071 374 1157 etiam
395 1066 475 1132 haec
496 1065 641 1132 nonnulli
671 1074 823 1155 tanquam
845 1066 1078 1156 digressionem
1099 1088 1223 1132 meram
1246 1066 1338 1134 dam-

176 1173 333 1254 naverint,
355 1175 386 1253 ii,
406 1195 449 1238 ne
468 1171 710 1252 obliviscantur,
731 1195 863 1261 precor,
898 1172 937 1238 de
961 1161 1160 1261 dithyrambo
1182 1195 1236 1240 me
1258 1174 1338 1240 scri·

177 1279 255 1344 bere
274 1280 462 1360 instituisse,
491 1281 581 1370 cujus
604 1279 708 1368 poetis
733 1276 782 1343 his
811 1278 907 1343 etiam
933 1276 1094 1366 longiores
1123 1277 1339 1368 digressiones

152 1368 332 1451 ‘nouerant
377 1384 530 1452 Ceterum
549 1383 645 1473 paulo
668 1384 764 1464 infra,
786 1383 841 1448 ubi
864 1383 904 1448 de
928 1382 1231 1470 dithyrambicorum
1261 1384 1339 1451 cho·

177 1501 342 1557 reutarurn
362 1513 495 1556 numero
520 1490 741 1555 disserendum
771 1498 834 1569 est,
864 1488 1064 1579 aliquatenus
1095 1488 1159 1556 huc
1187 1488 1266 1555 milri
1287 1511 1339 1557 re·

178 1597 369 1663 vertendum
392 1618 463 1662 esse
485 1596 668 1686 praevideo,
690 1617 764 1660 cum
787 1592 876 1659 chori
896 1596 1010 1684 tragici
1023 1616 1177 1661 numerus
1196 1618 1264 1662 non
1277 1596 1340 1662 nisi

181 1725 199 1766 c
220 1702 459 1791 comparatione
474 1700 594 1789 lyricae
608 1700 793 1789 tragoediae
808 1722 883 1767 cum
899 1699 1099 1789 dithyrambo
1115 1710 1203 1768 reete
1221 1702 1340 1769 deduci

181 1817 286 1896 queat.
320 1808 404 1875 Vide
427 1830 497 1898 cap.
516 1806 583 1875 Vll.

266 1913 333 1980 Sed
350 1916 419 2004 jam
440 1922 585 1980 revertor
618 1913 658 1978 ad
685 1915 895 2003 propositum.
944 1912 1117 2001 Disputata
1145 1915 1232 1980 enim
1256 1913 1339 1983 haec

180 2028 255 2085 sunt
283 2023 389 2085 omnia
424 2019 464 2085 ad
497 2018 698 2086 refutandam
727 2016 888 2085 Lorentzii
917 2016 1117 2108 aliorumque
1148 2022 1340 2088 sententiam

181 2126 221 2191 de
244 2126 428 2214 tragoediae
449 2124 569 2214 lyricae
595 2127 628 2191 in
655 2123 777 2191 ltaliam
799 2148 858 2215 per
878 2125 1032 2190 Arionem
1052 2127 1339 2216 transmigratione.

180 2232 326 2313 Accedit,
363 2231 449 2322 quod
474 2230 610 2298 heroum
638 2230 741 2320 cultus
768 2232 802 2297 in
822 2229 911 2296 ltalia
941 2230 1009 2294 fere
1035 2232 1153 2319 magis,
1182 2255 1280 2321 quam
1306 2235 1339 2301 irr

179 2339 250 2425 ipsa
273 2337 408 2403 Graecia
429 2337 572 2417 floreret,
604 2360 667 2426 qua
690 2336 729 2402 de
751 2359 786 2401 re
807 2345 843 2401 ut
863 2335 1006 2426 pluribus
1040 2335 1217 2403 disserendi
1238 2337 1341 2405 labori

182 2444 289 2532 quiete
309 2442 521 2531 supersedere
541 2464 681 2531 possem,
703 2441 823 2507 iactum
847 2452 896 2508 est
912 2441 972 2507 Od.
992 2440 1138 2509 llluelleri
1153 2464 1263 2532 opera,
1286 2444 1341 2536 qui

181 2556 255 2612 ante
278 2546 480 2613 Schneidew.
502 2546 587 2634 Ibyc.
608 2571 639 2637 p.
655 2546 698 2612 X.
714 2546 762 2612 Xl
791 2571 862 2613 earn
884 2570 954 2613 rem
973 2546 1115 2637 pluribus
1137 2548 1244 2615 verbis
1264 2572 1341 2640 per·

181 2661 311 2718 secutus
335 2661 391 2718 est.
435 2652 609 2719 Praeterea
632 2676 709 2719 vero
736 2651 813 2719 rrrilri
842 2677 971 2745 quoque
997 2652 1168 2744 aliquando
1195 2653 1261 2724 huc
1288 2678 1340 2723 re-

180 2758 327 2825 vertendi
347 2768 490 2847 potestas
513 2760 587 2840 erit,
616 2782 691 2826 cum
713 2759 753 2826 de
775 2758 944 2827 Xenocriti
963 2757 1061 2826 Locri
1086 2762 1262 2850 paeanibus
1285 2773 1341 2831 aut

182 2863 389 2954 dithyrambis
409 2864 580 2931 dicendum
610 2868 676 2932 erit.

268 2972 364 3056 Quod
385 2973 411 3037 si
432 2994 519 3039 nune
541 2972 581 3038 de
605 2971 795 3060 dithyrambi
815 2972 907 3039 nobis
928 2974 1031 3062 patria
1046 2975 1097 3056 ⁸9)
1120 2983 1255 3056 constat,
1276 2972 1340 3043 lroc

181 3077 303 3143 facilius
331 3078 540 3168 intellegitur,
568 3101 627 3145 cur
650 3101 761 3144 omnes
785 3078 934 3146 clariores
955 3088 1073 3167 poetae
1094 3078 1200 3168 lyrici,
1229 3091 1266 3148 ut
1286 3080 1339 3149 si-

180 3183 335 3265 monides,
356 3182 579 3274 Bacchylides,
600 3184 775 3266 Pindarus,
795 3183 1010 3266 Philoxenus,
1033 3183 1179 3253 Telestes
1201 3210 1261 3276 per
1281 3186 1340 3255 ali-

218 3486 254 3553 86)
270 3489 312 3539 De
335 3484 422 3553 origg.
447 3484 542 3551 dithyr.
568 3485 660 3539 Odofr.
684 3485 879 3538 llluellerDor.
898 3485 930 3551 ll,
949 3502 976 3552 p.
995 3484 1118 3538 ausari:
1143 3486 1202 3546 „ln
1227 3482 1341 3535 Corinth

249 3591 308 3627 war
333 3589 375 3634 es,
399 3589 440 3624 wo
466 3589 496 3624 er
512 3573 623 3637 (Arion)
641 3580 721 3624 irater
739 3572 887 3623 Periander
910 3579 1004 3624 arserat
1027 3573 1079 3623 deo
1101 3570 1247 3637 walmoden
1266 3569 1341 3623 eaor

249 3679 303 3714 aar
324 3661 504 3726 Dorstettrmp
528 3662 601 3711 eines
624 3657 799 3725 Dillryrambs
822 3657 943 3724 clotilde,
964 3658 1049 3710 wolrea’
1070 3675 1100 3710 er
1122 3656 1341 3710 wolrsctetnliclr

251 3750 336 3800 locale
347 3748 461 3798 Antitssc
480 3744 607 3797 tenarzte
625 3748 680 3796 irad
690 3746 817 3811 Aafilapc
836 3744 994 3807 ausitidete,
1013 3746 1076 3796 weil
1088 3760 1141 3797 aar
1157 3746 1342 3797 denariale-

248 3852 296 3886 ras
318 3837 366 3887 mil
392 3834 506 3898 etaipem
521 3832 623 3884 Reetle
648 3830 761 3884 Corinth
782 3832 826 3882 als
849 3833 893 3883 dic
921 3833 1081 3883 Vaterstcdt
1108 3833 1157 3884 dea
1179 3826 1341 3895 matyrum&

250 3920 366 3973 narseten
383 3915 485 3969 konn.''
521 3918 622 3969 Vellem
644 3918 791 3970 indicasset
808 3917 838 3967 V.
856 3919 890 3969 D.
909 3934 1040 3985 quaenam
1066 3919 1119 3969 alia
1141 3917 1204 3968 urbs
1227 3921 1276 3968 ant
1298 3915 1342 3967 ia-

250 4010 309 4059 sula
328 4023 362 4057 ex
384 4005 469 4073 ipsius
494 4004 628 4057 sententia
651 4003 753 4054 inventi
777 4003 889 4068 gloriam
915 4004 1045 4056 obtineat.
1080 4005 1176 4071 Neque
1200 4002 1253 4056 lroc
1274 4002 1341 4055 salia

248 4094 377 4157 intellego
400 4108 532 4160 quaenam
555 4091 633 4143 initia
657 4096 739 4158 atque
762 4089 937 4141 incitamenta
954 4090 1028 4143 dicat
1045 4108 1061 4143 a
1080 4090 1229 4144 Corinthiis
1247 4090 1342 4144 Ariani

250 4178 423 4245 suppeditata
440 4178 533 4231 luisse.
570 4178 709 4247 Siquidem
720 4175 816 4242 lyricas
829 4176 982 4242 tragoedias
995 4177 1139 4244 intellexit,
1157 4178 1224 4233 nilril
1242 4194 1341 4246 moror,

251 4263 292 4317 sin
312 4281 373 4319 vero
392 4265 524 4319 Bacchica
547 4268 617 4320 laeta
642 4262 758 4318 carmina
777 4279 837 4316 meo
854 4262 915 4328 jore
934 4263 1086 4317 dissentior.
1103 4292 1140 4305 -
