2798 4672
1175 259 1245 338 toi

86 435 219 523 πρῶτον
239 430 363 520 ἐφάνη·
399 434 467 499 ἐκεῖ
483 429 547 520 γάρ
566 431 728 557 ὠρὰθη’
712 458 732 500 σ
756 435 854 523 χορὸς
880 433 1087 564 ὀρχούμενος.
1130 440 1249 524 ἔστησε

85 542 122 606 δὲ
151 537 257 606 αὐτὸν
287 539 415 626 πρῶτος
430 534 601 626 Apiwa‘
585 563 604 605 o
627 542 862 665 Μεθυρυνοιῖος.
906 532 978 608 εἶτα
998 545 1159 624 Λᾶσος
1141 571 1160 613 o
1179 546 1248 638 Ἑρ·

84 645 227 735 provide
279 648 308 733 ᾗ.
330 643 464 722 Ἄλλως.
510 647 685 726 συνίστησι
704 646 767 734 γὰρ
793 639 845 712 ὅτι
873 651 999 736 πρῶτος
1025 653 1061 716 ἐν
1086 653 1248 775 Κορίνθῳ

86 751 302 842 διθύραμβος
323 748 507 839 εἰςήχθη,
494 777 532 830 ος
554 751 595 832 ἡν
616 750 744 831 κύκλιος
763 750 870 840 χορός.
908 751 1071 840 Ἀρίονος
1092 761 1152 825 τοῦ
1174 765 1247 827 Me·
1279 797 1282 803 ·

84 860 260 944 θυμνσίου
281 858 510 940 συστήσαντος
538 859 650 925 αὐτόν.
694 863 770 926 Jam
797 882 875 927 vero
906 883 981 926 cum
1012 863 1052 929 de
1078 867 1247 936 inventore

85 966 276 1056 dithyrambi
297 966 389 1032 nobis
412 968 488 1032 satis
510 975 649 1047 constet,
681 966 777 1032 etiam
798 964 931 1032 ulterius
951 969 1177 1058 progrediendi
1198 975 1246 1040 fa-

85 1074 206 1139 ciamus
230 1072 422 1163 periculum,
444 1094 550 1162 neque
573 1070 724 1161 amplius,
751 1075 802 1138 cui
823 1074 990 1137 inventum
1012 1075 1054 1139 sit
1075 1087 1246 1168 acceptum

85 1179 299 1260 referendum,
320 1177 492 1268 litigemus,
515 1176 573 1243 sed
591 1180 660 1268 jam
682 1200 757 1244 cum
778 1177 917 1244 Pindaro
942 1200 1148 1266 quaeramus:

256 1295 257 1298 ’
367 1285 433 1347 Ταλ
455 1277 626 1348 Διωνύσου
648 1277 783 1347 πόθον
803 1283 965 1371 ἐξὲφοινον

363 1387 435 1454 Σὺν
460 1387 612 1477 βοηλάτᾳ
637 1386 781 1477 Χάριτες

362 1493 587 1583 Advertere,-

83 1603 155 1672 Nec
182 1602 260 1669 mihi
287 1626 361 1669 curn
390 1603 451 1669 alio
474 1600 655 1668 Scholiasta
676 1601 717 1668 ad
738 1600 769 1668 h.
791 1601 811 1669 l.
834 1604 1029 1692 respondeat
1056 1606 1242 1698 quisquam:

84 1705 144 1774 οὐκ
165 1707 232 1775 ἀπὸ
259 1707 447 1796 Κορίνιλους
479 1709 507 1794 §.
531 1702 685 1786 δηλονότι
708 1707 743 1772 ἐν
768 1707 941 1798 Κορίνθῳ.
985 1711 1015 1778 ls
1038 1715 1124 1779 enim
1144 1713 1243 1805 longe

85 1839 104 1882 a
123 1839 200 1884 vero
224 1817 426 1883 aberraverit.
1061 1899 1064 1903 Ι

171 1924 201 2006 1)
224 1921 352 1987 Etenim
374 1919 609 2008 dithyrambum
632 1919 747 1984 Graeci
777 1919 906 2008 quidem
927 1922 1098 1990 Corinthiis
1127 1948 1244 2015 accep·

83 2036 152 2094 tum
174 2027 365 2106 retulerunt,
389 2024 545 2091 Corinthii
566 2048 644 2091 vero
667 2021 792 2104 Anioni,
815 2026 882 2114 qui,
905 2025 998 2091 unde·
1013 2029 1120 2116 ipsum
1141 2039 1243 2098 terra·

83 2156 156 2199 rum
169 2132 332 2198 induxerit
347 2129 546 2211 Corinthum,
569 2152 681 2194 eorum
696 2127 917 2219 subterfugere
938 2132 1100 2199 neminem
1117 2137 1245 2222 poterit,

84 2238 140 2328 qui
162 2235 360 2311 Graecarum
382 2233 570 2318 fabularum,
593 2243 750 2325 quatenus
774 2233 814 2299 ad
835 2236 1036 2303 inventiones
1058 2239 1091 2304 in
1113 2241 1243 2308 musicis

82 2343 180 2410 rebus
214 2364 350 2431 peregre
383 2339 486 2405 illatas
519 2342 696 2431 pertinent,
728 2340 932 2408 mediocriter
962 2352 1087 2409 tantum
1118 2348 1246 2414 noverit

82 2450 199 2515 faciem
224 2447 440 2537 indolemque.
489 2449 537 2513 Ac
564 2447 742 2512 rectissime
773 2447 903 2536 quidem
931 2449 1091 2516 Jacobus
1097 2451 1251 2536 Quaestt.
1324 2534 1327 2541 Ι

84 2554 236 2644 Sophocl.
251 2577 282 2643 p
295 2555 345 2619 69.
370 2555 408 2619 cf.
424 2575 454 2642 p
469 2554 510 2617 72
537 2552 728 2641 dithyrambi
752 2552 971 2621 inventionem
1000 2557 1245 2648 abjudicandam

85 2683 156 2726 esse
180 2658 313 2726 Graecis
336 2660 447 2724 statuit
467 2695 510 2706 -
531 2656 743 2748 „dithyrambi
764 2682 852 2742 vero,
876 2661 929 2743 ait,
951 2671 983 2728 et
1003 2664 1189 2752 tragoediae
1211 2674 1245 2733 et

83 2764 296 2855 phallicorum
324 2767 428 2854 prima
454 2765 559 2844 initia,
592 2767 662 2853 quis
692 2764 727 2829 in
756 2762 892 2830 Graecia
922 2766 1033 2832 credat
1061 2779 1132 2836 orta
1162 2794 1246 2852 esse,

85 2894 160 2943 cum
180 2871 261 2938 haec
294 2872 397 2938 omnis
425 2871 532 2960 poesis
561 2868 602 2934 ad
624 2867 746 2934 Bacchi
774 2867 945 2958 religiones
974 2874 1155 2960 pertineret
1164 2881 1181 2908 ”
1201 2912 1245 2925 —

84 2977 171 3043 idem
199 3000 277 3044 vero
314 2979 347 3043 in
381 3000 420 3043 eo
456 2976 622 3042 admisisse
661 2996 804 3040 errorem
833 2975 1020 3042 manifestus
1055 2989 1118 3059 est,
1157 2981 1246 3068 quod

84 3081 260 3172 Phrygiam
293 3084 441 3149 carminis
468 3083 605 3171 patriam
637 3079 822 3161 arbitratur,
853 3089 923 3145 turn
951 3083 1025 3170 quia
1056 3082 1246 3152 furibundae

86 3189 376 3270 comissationes,
401 3210 480 3277 quas
496 3185 607 3275 lingit,
624 3187 681 3252 vix
704 3184 831 3252 abunde
854 3185 991 3252 derivari
1013 3198 1147 3277 queant,
1176 3198 1247 3257 tum
1282 3220 1284 3225 ·

86 3293 160 3382 quia
186 3291 308 3375 hircus,
337 3309 434 3382 quern
462 3295 495 3359 in
525 3291 799 3380 dithyramborum
823 3312 952 3380 quoque
978 3294 1128 3382 praemiis
1151 3317 1247 3361 suum

86 3398 260 3464 obtinuisse
288 3397 398 3464 locum
426 3397 605 3464 videbimus
632 3397 666 3461 in
694 3397 765 3486 ipso
792 3397 995 3485 potissimum
1014 3399 1155 3467 Asiatico
1177 3402 1248 3470 sive

85 3501 227 3592 Phrygio
259 3502 398 3592 Dionysi
429 3503 518 3572 cultu
546 3500 730 3592 symbolum
757 3504 955 3590 procreantis
989 3513 1123 3572 naturae
1152 3506 1248 3575 fuerit

84 3610 403 3696 praestantissimum.
445 3608 624 3699 Phrygium
646 3628 776 3674 carmen
798 3631 870 3697 esse
893 3608 1128 3700 dithyrambum
1150 3615 1248 3679 etiam

86 3712 277 3781 Theodorus
290 3713 407 3781 Menke
422 3724 563 3782 statuere
584 3714 711 3781 videtur
731 3716 764 3780 in
779 3715 935 3802 Lydiacis
953 3719 1078 3803 (Berol.
1092 3724 1194 3783 1845.
1208 3721 1246 3802 8)

83 3825 180 3905 odd
201 3842 240 3886 eo
264 3830 461 3903 commotus,
489 3819 576 3910 quod
596 3829 679 3886 teste
701 3820 872 3888 Aristotele
895 3820 1085 3910 dithyrambi
1105 3820 1247 3910 plerum·

87 3947 150 4015 que
184 3925 349 4012 Φρυγιστὶ
381 3927 552 4016 compositi
582 3926 707 3992 fuerint.
765 3926 918 3994 Ceterum
949 3926 1091 3992 Jacobus
1121 3924 1198 3992 licet
1226 3948 1247 3995 a

87 4052 203 4120 scopo,
239 4054 335 4122 quern
373 4034 587 4123 appetiverat,
626 4031 801 4123 longinque
834 4032 1043 4111 aberraverit,
1082 4030 1122 4097 ab
1156 4032 1245 4101 initio

87 4138 249 4203 tamenin
270 4140 324 4204 via
349 4140 526 4206 rectissima
547 4160 738 4230 progressus
765 4137 906 4216 videtum
939 4135 1096 4226 siquidem
1124 4141 1247 4229 etipse

87 4241 120 4308 in
154 4242 408 4311 demonstrandis
442 4243 537 4335 hujus
566 4244 722 4332 poematis
751 4238 966 4320 incunabulis,
998 4263 1064 4311 nou
1095 4245 1199 4335 magis
1227 4266 1246 4312 a

1004 4349 1040 4412 ll
