2798 4672
31 242 36 249 '
166 259 240 333 124

163 439 303 522 τήκασιν
329 434 442 517 atara
467 436 669 528 κατύμματα
697 444 754 506 καὶ
780 443 826 519 εἰς
855 441 895 505 τὰ
924 439 1109 511 Πολυείδου
1139 441 1326 530 ποιήματα.

162 548 277 631 Facilis
299 546 373 615 hinc
396 571 434 614 ea
457 547 622 616 conclusio
646 547 925 638 prosilit,²Polyidi
946 559 1096 641 poemata
1117 549 1326 619 Timotheum

163 654 286 722 dolosis·
297 654 416 721 sutelis
440 677 477 720 ac
491 657 602 720 variis·
618 656 758 746 cujusvis
782 658 909 745 generis
925 655 1212 729 machinationibus
1225 656 1326 748 longe

162 783 350 850 superasse,¹
364 759 543 851 iisdemque
554 759 703 827 >artificiis
726 763 892 851 parimodo
907 761 966 829 sibi
979 762 1171 854 popularem
1187 765 1325 853 gratim

161 867 358 948 vindicasse,
387 867 500 958 quibus
527 865 581 933 illa
609 867 710 933 utenti
733 867 903 935 Timotheo
934 869 1121 959 contigerat.
1172 866 1326 960 Denique

160 973 288 1062 Polyidi
303 975 497 1040 memoriam
507 982 592 1061 -post
612 971 798 1041 Henricum
810 973 979 1042 Valesiani
995 975 1028 1039 in
1044 973 1201 1040 Emendd.
1216 977 1325 1064 pale

159 1082 281 1171 primus
308 1080 535 1168 redintegravit
557 1103 599 1146 ex
621 1079 815 1163 Censorino,
848 1076 1114 1149 Schneidewinus
1131 1081 1174 1146 in
1195 1079 1323 1159 Nuncc.

161 1185 304 1276 Gotting.
330 1184 420 1250 1844.
439 1207 475 1274 p.
490 1185 573 1250 1385
616 1184 743 1275 Polyidi
764 1208 884 1255 nomen
906 1189 938 1255 in
961 1186 1070 1254 locum
1092 1188 1325 1278 corruptissimi

159 1291 249 1359 verbi
264 1291 395 1358 Pondos
413 1290 455 1376 (h.
469 1314 495 1358 e.
510 1291 654 1376 Polidos)
672 1293 853 1360 restituens.
875 1333 918 1342 -
940 1292 1063 1361 Valesii
1084 1302 1203 1376 tamen,
1225 1317 1325 1385 quem

161 1421 235 1466 cum
255 1398 413 1466 Emoda
430 1396 516 1485 fort.
535 1397 651 1466 Suidn.
672 1405 766 1466 1845
787 1399 977 1481 scriberem,
999 1422 1065 1466 non
1085 1397 1203 1467 licebat
1223 1401 1323 1492 inspi-

160 1527 245 1587 cere.
267 1527 341 1573 cum
362 1503 443 1572 haec
464 1505 528 1571 sint
549 1505 662 1572 verba:
685 1505 770 1588 „Pro
793 1504 924 1573 Pondos
947 1505 1150 1595 Scaligerum
1167 1505 1323 1595 Polyidos

160 1621 193 1681 et
213 1635 272 1701 pro
294 1610 392 1678 Follis
414 1610 514 1678 Pollis
537 1610 710 1679 emendare
729 1611 907 1702 exemplari
929 1634 988 1679 suo
1011 1612 1099 1703 quod
1119 1613 1153 1678 in
1171 1610 1326 1681 Leidensi

158 1715 359 1789 Bibliotheca
380 1727 527 1785 servatur
549 1718 717 1808 adscripsit
738 1716 813 1785 Ger.
836 1719 888 1784 Jo.
910 1718 1081 1799 Vossius,'’
1111 1720 1221 1786 nescio
1246 1720 1323 1812 quid

159 1823 364 1893 Schneidew.
386 1824 406 1892 l
428 1823 449 1891 l.
473 1825 513 1891 de
536 1824 630 1893 codd.
653 1824 793 1891 lectione
815 1825 875 1891 sibi
897 1823 1083 1915 gratuletur.

244 1929 418 2022 Reliquum
441 1940 500 2016 est,
522 1940 558 1997 ut
578 1940 708 1998 notetur
728 1929 765 1997 L.
790 1929 923 2022 Gyraldi
945 1954 1019 2022 opp.
1043 1930 1136 1997 Tom.
1159 1929 1325 2024 11,p.350

160 2057 259 2117 error,
281 2040 336 2128 qui
359 2037 559 2106 Christodori
577 2037 726 2106 Thebani
740 2039 809 2105 sive
824 2038 975 2128 Coptitac
989 2038 1099 2106 locum
1120 2038 1153 2105 in
1176 2038 1325 2130 ecphrasi

159 2143 404 2213 simulamrorum
427 2167 477 2235 ap.
500 2145 630 2213 Jacobs.
653 2143 780 2212 Anthol.
803 2143 852 2227 Ill,
872 2169 903 2236 p.
918 2146 988 2211 162.

681 2248 805 2336 ἕγγυθι
826 2245 860 2313 δ’
884 2245 990 2316 αὐτοῦ

303 2352 524 2432 Marmaridae
545 2350 647 2419 πάλιν
667 2351 767 2432 ἄλλος
788 2353 847 2434 ἔην
871 2355 1035 2442 (Βοιβηΐδα
1057 2351 1172 2441 δάφνῃ

302 2458 489 2547 annuntiata
508 2455 749 2536 Πολύιιδος.

160 2566 202 2632 ad
217 2567 389 2655 Polyidum
410 2567 676 2657 dithyrambicum
690 2568 795 2634 relert.
829 2562 1022 2632 Rectissime
1036 2565 1206 2632 Jacobsius
1226 2564 1265 2633 Τ.
1278 2566 1326 2649 X,

159 2695 190 2762 p.
209 2672 282 2738 305.
327 2674 459 2765 „Prope
489 2671 622 2740 Hesiodi
652 2683 721 2740 erat
747 2670 944 2762 Polyidus
972 2671 1010 2737 in
1043 2671 1190 2739 labulis
1221 2674 1321 2740 satis

159 2785 312 2847 notus.'’
440 2828 441 2833 η
915 2814 918 2822 ·
