<?xml version="1.0" encoding="UTF-8"?>
<!DOCTYPE html PUBLIC "-//W3C//DTD XHTML 1.0 Transitional//EN"
    "http://www.w3.org/TR/xhtml1/DTD/xhtml1-transitional.dtd">
<html xmlns="http://www.w3.org/1999/xhtml" xml:lang="en" lang="en">
 <head>
  <title>
</title>
<meta http-equiv="Content-Type" content="text/html;charset=utf-8" />
  <meta name='ocr-system' content='tesseract 3.04.00' />
  <meta name='ocr-capabilities' content='ocr_page ocr_carea ocr_par ocr_line ocrx_word'/>
</head>
<body>
  <div class='ocr_page' id='page_1' title='image "./diatribeindithy00schmgoog_0110.png"; bbox 0 0 2798 4672; ppageno 0'>
   <div class='ocr_carea' id='block_1_1' title="bbox 175 238 224 312">
    <p class='ocr_par' dir='ltr' id='par_1_1' title="bbox 175 238 224 312">
     <span class='ocr_line' id='line_1_1' title="bbox 175 238 224 312; baseline 0.02 -1"><span class='ocrx_word' id='word_1_1' title='bbox 175 238 224 312; x_wconf 79' lang='grc'>94</span> 
     </span>
    </p>
   </div>
   <div class='ocr_carea' id='block_1_2' title="bbox 170 416 1337 1158">
    <p class='ocr_par' dir='ltr' id='par_1_2' title="bbox 170 416 1337 1158">
     <span class='ocr_line' id='line_1_2' title="bbox 178 416 1336 512; baseline 0.008 -29"><span class='ocrx_word' id='word_1_2' title='bbox 178 416 270 499; x_wconf 69' lang='lat' dir='ltr'>¹eot&#39;oc</span> <span class='ocrx_word' id='word_1_3' title='bbox 285 423 319 487; x_wconf 87' lang='lat' dir='ltr'>ot</span> <span class='ocrx_word' id='word_1_4' title='bbox 336 421 474 500; x_wconf 75' lang='grc' dir='ltr'><strong><em>οὖντὰς</em></strong></span> <span class='ocrx_word' id='word_1_5' title='bbox 489 422 590 487; x_wconf 75' lang='grc' dir='ltr'><strong><em>κατὰ</em></strong></span> <span class='ocrx_word' id='word_1_6' title='bbox 609 417 790 512; x_wconf 78' lang='grc' dir='ltr'><strong><em>Φρόντιν</em></strong></span> <span class='ocrx_word' id='word_1_7' title='bbox 804 421 1004 502; x_wconf 70' lang='grc' dir='ltr'><strong><em>ταύταςτὰς</em></strong></span> <span class='ocrx_word' id='word_1_8' title='bbox 1020 420 1336 511; x_wconf 73' lang='grc' dir='ltr'><strong><em>όσμτολοιιόμιττομς</em></strong></span> 
     </span>
     <span class='ocr_line' id='line_1_3' title="bbox 186 526 1327 619; baseline 0.004 -24"><span class='ocrx_word' id='word_1_9' title='bbox 186 527 384 619; x_wconf 76' lang='grc' dir='ltr'><strong><em>όιοττρὶβετο</em></strong></span> <span class='ocrx_word' id='word_1_10' title='bbox 402 526 606 616; x_wconf 72' lang='grc' dir='ltr'><strong><em>τυπτόμενος</em></strong></span> <span class='ocrx_word' id='word_1_11' title='bbox 625 528 760 607; x_wconf 75' lang='grc' dir='ltr'><strong><em>πολλός.</em></strong></span> <span class='ocrx_word' id='word_1_12' title='bbox 783 527 1072 609; x_wconf 60' lang='grc' dir='ltr'><strong><em>ὠμός-Μούσας</em></strong></span> <span class='ocrx_word' id='word_1_13' title='bbox 1087 529 1290 618; x_wconf 62' lang='grc' dir='ltr'><strong><em>ἀμανόζτινιλ</em></strong></span> <span class='ocrx_word' id='word_1_14' title='bbox 1324 574 1327 579; x_wconf 83' lang='grc'><em>·</em></span> 
     </span>
     <span class='ocr_line' id='line_1_4' title="bbox 174 634 1337 731; baseline 0.004 -29"><span class='ocrx_word' id='word_1_15' title='bbox 174 638 272 728; x_wconf 79' lang='lat' dir='ltr'>atque</span> <span class='ocrx_word' id='word_1_16' title='bbox 285 637 333 727; x_wconf 77' lang='grc' dir='ltr'>τῷ</span> <span class='ocrx_word' id='word_1_17' title='bbox 346 637 485 728; x_wconf 73' lang='grc' dir='ltr'><strong><em>περιττῷ</em></strong></span> <span class='ocrx_word' id='word_1_18' title='bbox 506 634 877 726; x_wconf 45' lang='grc' dir='ltr'><strong><em>τοεροιιιὶοιιτόχιόζιιν</em></strong></span> <span class='ocrx_word' id='word_1_19' title='bbox 897 649 930 705; x_wconf 88' lang='lat' dir='ltr'>et</span> <span class='ocrx_word' id='word_1_20' title='bbox 951 635 1337 731; x_wconf 55' lang='lat' dir='ltr'>aequatam-quodtmta</span> 
     </span>
     <span class='ocr_line' id='line_1_5' title="bbox 173 742 1336 837; baseline 0.003 -28"><span class='ocrx_word' id='word_1_21' title='bbox 173 743 231 810; x_wconf 85' lang='lat' dir='ltr'>lux</span> <span class='ocrx_word' id='word_1_22' title='bbox 257 745 483 833; x_wconf 82' lang='lat' dir='ltr'>interpretatur</span> <span class='ocrx_word' id='word_1_23' title='bbox 516 745 694 834; x_wconf 73' lang='grc' dir='ltr'><strong><em>περιέργοις</em></strong></span> <span class='ocrx_word' id='word_1_24' title='bbox 722 745 835 830; x_wconf 81' lang='grc' dir='ltr'><strong><em>μέλεσι</em></strong></span> <span class='ocrx_word' id='word_1_25' title='bbox 858 745 1028 830; x_wconf 72' lang='grc' dir='ltr'><strong><em>χρῆσθαι·</em></strong></span> <span class='ocrx_word' id='word_1_26' title='bbox 1062 768 1128 837; x_wconf 87' lang='lat' dir='ltr'>quo</span> <span class='ocrx_word' id='word_1_27' title='bbox 1146 744 1276 814; x_wconf 64' lang='lat' dir='ltr'>contrat?</span> <span class='ocrx_word' id='word_1_28' title='bbox 1295 742 1336 813; x_wconf 78' lang='grc' dir='ltr'><strong><em>τό</em></strong></span> 
     </span>
     <span class='ocr_line' id='line_1_6' title="bbox 173 834 1335 939; baseline 0.004 -23"><span class='ocrx_word' id='word_1_29' title='bbox 173 851 297 937; x_wconf 79' lang='grc' dir='ltr'><strong><em>σεμνόν</em></strong></span> <span class='ocrx_word' id='word_1_30' title='bbox 325 854 382 916; x_wconf 83' lang='grc' dir='ltr'>καὶ</span> <span class='ocrx_word' id='word_1_31' title='bbox 395 900 397 905; x_wconf 84' lang='grc'>.</span> <span class='ocrx_word' id='word_1_32' title='bbox 410 834 605 939; x_wconf 77' lang='grc' dir='ltr'><strong><em>όιττρίτργον</em></strong></span> <span class='ocrx_word' id='word_1_33' title='bbox 632 855 734 921; x_wconf 76' lang='lat' dir='ltr'>veteri</span> <span class='ocrx_word' id='word_1_34' title='bbox 763 852 907 918; x_wconf 82' lang='lat' dir='ltr'><strong>musicae</strong></span> <span class='ocrx_word' id='word_1_35' title='bbox 936 853 1084 923; x_wconf 88' lang='lat' dir='ltr'>tribuitur</span> <span class='ocrx_word' id='word_1_36' title='bbox 1112 877 1131 920; x_wconf 87' lang='lat' dir='ltr'>a</span> <span class='ocrx_word' id='word_1_37' title='bbox 1160 853 1335 921; x_wconf 84' lang='lat' dir='ltr'>Plutarcho</span> 
     </span>
     <span class='ocr_line' id='line_1_7' title="bbox 173 956 1336 1049; baseline 0.003 -26"><span class='ocrx_word' id='word_1_38' title='bbox 173 957 256 1024; x_wconf 89' lang='lat' dir='ltr'>Mus.</span> <span class='ocrx_word' id='word_1_39' title='bbox 279 981 307 1024; x_wconf 92' lang='lat' dir='ltr'>c.</span> <span class='ocrx_word' id='word_1_40' title='bbox 330 956 500 1026; x_wconf 80' lang='lat' dir='ltr'>XXXVII.</span> <span class='ocrx_word' id='word_1_41' title='bbox 543 956 620 1024; x_wconf 89' lang='lat' dir='ltr'>lnde</span> <span class='ocrx_word' id='word_1_42' title='bbox 642 980 719 1023; x_wconf 91' lang='lat' dir='ltr'>vero</span> <span class='ocrx_word' id='word_1_43' title='bbox 741 980 813 1023; x_wconf 89' lang='lat' dir='ltr'>non·</span> <span class='ocrx_word' id='word_1_44' title='bbox 830 956 965 1040; x_wconf 80' lang='lat' dir='ltr'>dubites,</span> <span class='ocrx_word' id='word_1_45' title='bbox 987 961 1061 1049; x_wconf 92' lang='lat' dir='ltr'>quin</span> <span class='ocrx_word' id='word_1_46' title='bbox 1083 960 1179 1026; x_wconf 90' lang='lat' dir='ltr'>simul</span> <span class='ocrx_word' id='word_1_47' title='bbox 1204 956 1336 1048; x_wconf 74' lang='grc' dir='ltr'><strong><em>ταρα·</em></strong></span> 
     </span>
     <span class='ocr_line' id='line_1_8' title="bbox 170 1062 1335 1158; baseline 0.004 -29"><span class='ocrx_word' id='word_1_48' title='bbox 170 1064 297 1150; x_wconf 63' lang='lat' dir='ltr'>gaidae</span> <span class='ocrx_word' id='word_1_49' title='bbox 314 1064 434 1154; x_wconf 89' lang='lat' dir='ltr'>aliquid</span> <span class='ocrx_word' id='word_1_50' title='bbox 449 1064 622 1131; x_wconf 89' lang='lat' dir='ltr'>subnatum</span> <span class='ocrx_word' id='word_1_51' title='bbox 639 1066 689 1145; x_wconf 83' lang='lat' dir='ltr'>sit,</span> <span class='ocrx_word' id='word_1_52' title='bbox 705 1062 800 1155; x_wconf 91' lang='lat' dir='ltr'>quale</span> <span class='ocrx_word' id='word_1_53' title='bbox 812 1062 1022 1132; x_wconf 83' lang='lat' dir='ltr'>Pherecrates</span> <span class='ocrx_word' id='word_1_54' title='bbox 1034 1065 1123 1135; x_wconf 87' lang='lat' dir='ltr'>hisce</span> <span class='ocrx_word' id='word_1_55' title='bbox 1138 1068 1314 1158; x_wconf 73' lang='lat' dir='ltr'>vituperata</span> <span class='ocrx_word' id='word_1_56' title='bbox 1330 1110 1335 1121; x_wconf 91' lang='lat'><em>-</em></span> 
     </span>
    </p>
   </div>
   <div class='ocr_carea' id='block_1_3' title="bbox 142 1165 1381 4353">
    <p class='ocr_par' dir='ltr' id='par_1_3' title="bbox 142 1165 1381 4353">
     <span class='ocr_line' id='line_1_9' title="bbox 328 1165 1324 1260; baseline 0 -23"><span class='ocrx_word' id='word_1_57' title='bbox 328 1166 474 1258; x_wconf 78' lang='grc' dir='ltr'><strong><em>Φρόντις</em></strong></span> <span class='ocrx_word' id='word_1_58' title='bbox 498 1167 532 1236; x_wconf 80' lang='grc' dir='ltr'>δ’</span> <span class='ocrx_word' id='word_1_59' title='bbox 555 1169 644 1235; x_wconf 79' lang='grc' dir='ltr'><strong><em>ἴδιον</em></strong></span> <span class='ocrx_word' id='word_1_60' title='bbox 665 1165 891 1258; x_wconf 71' lang='grc' dir='ltr'><strong><em>στρόβιλον</em></strong></span> <span class='ocrx_word' id='word_1_61' title='bbox 918 1167 1074 1260; x_wconf 75' lang='grc' dir='ltr'><strong><em>ἐμβαλόν</em></strong></span> <span class='ocrx_word' id='word_1_62' title='bbox 1094 1193 1182 1239; x_wconf 88' lang='grc' dir='ltr'><strong><em>τινα.</em></strong></span> <span class='ocrx_word' id='word_1_63' title='bbox 1297 1216 1324 1247; x_wconf 88' lang='grc'>-,</span> 
     </span>
     <span class='ocr_line' id='line_1_10' title="bbox 243 1271 1336 1369; baseline 0.001 -26"><span class='ocrx_word' id='word_1_64' title='bbox 243 1278 385 1345; x_wconf 77' lang='lat' dir='ltr'>&#39;Etenim</span> <span class='ocrx_word' id='word_1_65' title='bbox 406 1271 582 1364; x_wconf 74' lang='grc' dir='ltr'><strong><em>στρόβιλος</em></strong></span> <span class='ocrx_word' id='word_1_66' title='bbox 603 1288 639 1343; x_wconf 92' lang='lat' dir='ltr'>ut</span> <span class='ocrx_word' id='word_1_67' title='bbox 661 1279 704 1344; x_wconf 89' lang='lat' dir='ltr'>ait</span> <span class='ocrx_word' id='word_1_68' title='bbox 726 1276 926 1367; x_wconf 82' lang='lat' dir='ltr'>Phrynichus</span> <span class='ocrx_word' id='word_1_69' title='bbox 941 1277 1121 1369; x_wconf 83' lang='lat' dir='ltr'>Bekherip.</span> <span class='ocrx_word' id='word_1_70' title='bbox 1134 1280 1186 1361; x_wconf 82' lang='lat'>63,</span> <span class='ocrx_word' id='word_1_71' title='bbox 1201 1280 1254 1347; x_wconf 75' lang='grc'>28.</span> <span class='ocrx_word' id='word_1_72' title='bbox 1275 1276 1336 1345; x_wconf 73' lang='grc' dir='ltr'><strong><em>’τισὶ</em></strong></span> 
     </span>
     <span class='ocr_line' id='line_1_11' title="bbox 173 1378 1335 1474; baseline 0.007 -26"><span class='ocrx_word' id='word_1_73' title='bbox 173 1385 401 1471; x_wconf 71' lang='grc' dir='ltr'><strong><em>μεταφορικοῖς</em></strong></span> <span class='ocrx_word' id='word_1_74' title='bbox 429 1383 484 1450; x_wconf 74' lang='lat' dir='ltr'>aa</span> <span class='ocrx_word' id='word_1_75' title='bbox 511 1378 597 1473; x_wconf 81' lang='grc' dir='ltr'><strong><em>ᾠδῆς</em></strong></span> <span class='ocrx_word' id='word_1_76' title='bbox 617 1382 843 1472; x_wconf 77' lang='grc' dir='ltr'><strong><em>κιθαρῳόικῆς</em></strong></span> <span class='ocrx_word' id='word_1_77' title='bbox 864 1381 970 1450; x_wconf 75' lang='grc' dir='ltr'><strong><em>πολὺν</em></strong></span> <span class='ocrx_word' id='word_1_78' title='bbox 986 1379 1127 1470; x_wconf 70' lang='grc' dir='ltr'>Ιἐχούσης</span> <span class='ocrx_word' id='word_1_79' title='bbox 1146 1380 1335 1474; x_wconf 79' lang='grc' dir='ltr'><strong><em>τάραχον.</em></strong></span> 
     </span>
     <span class='ocr_line' id='line_1_12' title="bbox 142 1487 1337 1581; baseline 0.003 -23"><span class='ocrx_word' id='word_1_80' title='bbox 142 1556 146 1567; x_wconf 88' lang='grc'><em>,</em></span> <span class='ocrx_word' id='word_1_81' title='bbox 174 1492 309 1581; x_wconf 85' lang='lat' dir='ltr'>Proprie</span> <span class='ocrx_word' id='word_1_82' title='bbox 338 1492 423 1558; x_wconf 90' lang='lat' dir='ltr'>enim</span> <span class='ocrx_word' id='word_1_83' title='bbox 450 1487 625 1579; x_wconf 81' lang='grc' dir='ltr'><strong><em>στρόβιλος</em></strong></span> <span class='ocrx_word' id='word_1_84' title='bbox 645 1500 761 1557; x_wconf 87' lang='lat' dir='ltr'>ventus</span> <span class='ocrx_word' id='word_1_85' title='bbox 785 1500 847 1571; x_wconf 89' lang='lat' dir='ltr'>est,</span> <span class='ocrx_word' id='word_1_86' title='bbox 880 1491 947 1556; x_wconf 90' lang='lat' dir='ltr'>aliis</span> <span class='ocrx_word' id='word_1_87' title='bbox 976 1489 1088 1580; x_wconf 80' lang='grc' dir='ltr'><strong><em>τνφώς</em></strong></span> <span class='ocrx_word' id='word_1_88' title='bbox 1116 1494 1233 1574; x_wconf 88' lang='lat' dir='ltr'>diotus,</span> <span class='ocrx_word' id='word_1_89' title='bbox 1264 1495 1337 1561; x_wconf 88' lang='lat' dir='ltr'>sive</span> 
     </span>
     <span class='ocr_line' id='line_1_13' title="bbox 174 1590 1334 1688; baseline 0.003 -25"><span class='ocrx_word' id='word_1_90' title='bbox 174 1597 325 1688; x_wconf 90' lang='lat' dir='ltr'>procella,</span> <span class='ocrx_word' id='word_1_91' title='bbox 348 1622 431 1688; x_wconf 88' lang='lat' dir='ltr'>quac</span> <span class='ocrx_word' id='word_1_92' title='bbox 454 1598 494 1665; x_wconf 93' lang='lat' dir='ltr'>de</span> <span class='ocrx_word' id='word_1_93' title='bbox 515 1609 600 1665; x_wconf 91' lang='lat' dir='ltr'>terra</span> <span class='ocrx_word' id='word_1_94' title='bbox 622 1607 743 1678; x_wconf 86' lang='lat' dir='ltr'>coorta,</span> <span class='ocrx_word' id='word_1_95' title='bbox 763 1595 890 1663; x_wconf 89' lang='lat' dir='ltr'>turbine</span> <span class='ocrx_word' id='word_1_96' title='bbox 907 1620 1035 1664; x_wconf 90' lang='lat' dir='ltr'>sursum</span> <span class='ocrx_word' id='word_1_97' title='bbox 1052 1600 1190 1667; x_wconf 81' lang='lat' dir='ltr'>effertur.</span> <span class='ocrx_word' id='word_1_98' title='bbox 1211 1590 1334 1668; x_wconf 82' lang='lat' dir='ltr'>-Schol</span> 
     </span>
     <span class='ocr_line' id='line_1_14' title="bbox 174 1696 1335 1799; baseline 0.001 -28"><span class='ocrx_word' id='word_1_99' title='bbox 174 1702 273 1793; x_wconf 89' lang='lat' dir='ltr'>Soph.</span> <span class='ocrx_word' id='word_1_100' title='bbox 289 1704 392 1794; x_wconf 85' lang='lat' dir='ltr'>Antig.</span> <span class='ocrx_word' id='word_1_101' title='bbox 407 1730 436 1771; x_wconf 88' lang='lat' dir='ltr'>v.</span> <span class='ocrx_word' id='word_1_102' title='bbox 448 1705 522 1770; x_wconf 79' lang='grc'><strong>418.</strong></span> <span class='ocrx_word' id='word_1_103' title='bbox 549 1704 681 1787; x_wconf 72' lang='grc' dir='ltr'><strong><em>πνεῦμα</em></strong></span> <span class='ocrx_word' id='word_1_104' title='bbox 702 1702 900 1785; x_wconf 65' lang='grc' dir='ltr'><strong><em>θοελλῶόες,</em></strong></span> <span class='ocrx_word' id='word_1_105' title='bbox 922 1696 1006 1769; x_wconf 87' lang='grc' dir='ltr'><strong><em>όταν</em></strong></span> <span class='ocrx_word' id='word_1_106' title='bbox 1027 1704 1199 1796; x_wconf 56' lang='lat' dir='ltr'>amenter</span> <span class='ocrx_word' id='word_1_107' title='bbox 1218 1706 1262 1799; x_wconf 78' lang='grc' dir='ltr'>τῇ</span> <span class='ocrx_word' id='word_1_108' title='bbox 1280 1707 1335 1799; x_wconf 62' lang='grc' dir='ltr'>γῇ,</span> 
     </span>
     <span class='ocr_line' id='line_1_15' title="bbox 174 1805 1335 1905; baseline 0.005 -30"><span class='ocrx_word' id='word_1_109' title='bbox 174 1811 232 1875; x_wconf 77' lang='grc' dir='ltr'>καλ</span> <span class='ocrx_word' id='word_1_110' title='bbox 260 1805 361 1876; x_wconf 81' lang='grc' dir='ltr'><strong><em>πόλιν</em></strong></span> <span class='ocrx_word' id='word_1_111' title='bbox 388 1805 458 1874; x_wconf 75' lang='grc' dir='ltr'>ἄνα</span> <span class='ocrx_word' id='word_1_112' title='bbox 488 1810 577 1900; x_wconf 74' lang='grc' dir='ltr'><strong><em>αἴρῃ.</em></strong></span> <span class='ocrx_word' id='word_1_113' title='bbox 620 1811 818 1901; x_wconf 83' lang='lat' dir='ltr'>Plerumque</span> <span class='ocrx_word' id='word_1_114' title='bbox 846 1815 935 1878; x_wconf 89' lang='lat' dir='ltr'>enim</span> <span class='ocrx_word' id='word_1_115' title='bbox 967 1815 1055 1879; x_wconf 89' lang='lat' dir='ltr'>venti</span> <span class='ocrx_word' id='word_1_116' title='bbox 1082 1814 1215 1880; x_wconf 88' lang='lat' dir='ltr'>ecoelo</span> <span class='ocrx_word' id='word_1_117' title='bbox 1243 1817 1335 1905; x_wconf 86' lang='lat' dir='ltr'>quasi</span> 
     </span>
     <span class='ocr_line' id='line_1_16' title="bbox 173 1915 1336 2008; baseline 0.007 -25"><span class='ocrx_word' id='word_1_118' title='bbox 173 1919 308 1984; x_wconf 86' lang='lat' dir='ltr'>immissi</span> <span class='ocrx_word' id='word_1_119' title='bbox 326 1920 359 1983; x_wconf 92' lang='lat' dir='ltr'>in</span> <span class='ocrx_word' id='word_1_120' title='bbox 381 1928 500 1984; x_wconf 90' lang='lat' dir='ltr'>terram</span> <span class='ocrx_word' id='word_1_121' title='bbox 520 1919 653 2003; x_wconf 79' lang='lat' dir='ltr'>irruunt.</span> <span class='ocrx_word' id='word_1_122' title='bbox 696 1916 806 2007; x_wconf 91' lang='lat' dir='ltr'>ltaque</span> <span class='ocrx_word' id='word_1_123' title='bbox 840 1915 1029 2008; x_wconf 79' lang='grc' dir='ltr'><strong><em>στρόβιλος,</em></strong></span> <span class='ocrx_word' id='word_1_124' title='bbox 1062 1920 1104 1987; x_wconf 91' lang='lat' dir='ltr'>de</span> <span class='ocrx_word' id='word_1_125' title='bbox 1135 1922 1336 1991; x_wconf 84' lang='lat' dir='ltr'>ventosis-in</span> 
     </span>
     <span class='ocr_line' id='line_1_17' title="bbox 173 2025 1337 2116; baseline 0.004 -26"><span class='ocrx_word' id='word_1_126' title='bbox 173 2027 355 2093; x_wconf 83' lang='lat' dir='ltr'>remusica</span> <span class='ocrx_word' id='word_1_127' title='bbox 376 2026 534 2092; x_wconf 85' lang='lat' dir='ltr'>furoribus</span> <span class='ocrx_word' id='word_1_128' title='bbox 557 2033 764 2116; x_wconf 91' lang='lat' dir='ltr'>usurpatum,</span> <span class='ocrx_word' id='word_1_129' title='bbox 793 2025 973 2116; x_wconf 88' lang='lat' dir='ltr'>significare</span> <span class='ocrx_word' id='word_1_130' title='bbox 993 2026 1121 2094; x_wconf 86' lang='lat' dir='ltr'>videtur</span> <span class='ocrx_word' id='word_1_131' title='bbox 1135 2027 1337 2096; x_wconf 81' lang='lat' dir='ltr'>modulatio·</span> 
     </span>
     <span class='ocr_line' id='line_1_18' title="bbox 173 2126 1337 2223; baseline 0.002 -25"><span class='ocrx_word' id='word_1_132' title='bbox 173 2154 252 2198; x_wconf 91' lang='lat' dir='ltr'>num</span> <span class='ocrx_word' id='word_1_133' title='bbox 274 2132 433 2199; x_wconf 84' lang='lat' dir='ltr'>turbinem</span> <span class='ocrx_word' id='word_1_134' title='bbox 464 2133 505 2199; x_wconf 93' lang='lat' dir='ltr'>ad</span> <span class='ocrx_word' id='word_1_135' title='bbox 526 2128 632 2212; x_wconf 76' lang='grc' dir='ltr'><strong><em>νήτην</em></strong></span> <span class='ocrx_word' id='word_1_136' title='bbox 650 2131 697 2197; x_wconf 90' lang='lat' dir='ltr'>-ab</span> <span class='ocrx_word' id='word_1_137' title='bbox 727 2126 839 2223; x_wconf 77' lang='grc' dir='ltr'><strong><em>όιιότμ</em></strong></span> <span class='ocrx_word' id='word_1_138' title='bbox 866 2133 1122 2201; x_wconf 56' lang='lat' dir='ltr'>ascendentem)</span> <span class='ocrx_word' id='word_1_139' title='bbox 1143 2133 1337 2219; x_wconf 56' lang='lat' dir='ltr'>pacatico</span> 
     </span>
     <span class='ocr_line' id='line_1_19' title="bbox 174 2232 1335 2328; baseline 0.003 -24"><span class='ocrx_word' id='word_1_140' title='bbox 174 2239 326 2327; x_wconf 83' lang='lat' dir='ltr'>adoptata</span> <span class='ocrx_word' id='word_1_141' title='bbox 352 2232 627 2326; x_wconf 62' lang='lat' dir='ltr'>interpretatione*</span> <span class='ocrx_word' id='word_1_142' title='bbox 647 2239 768 2326; x_wconf 87' lang='lat' dir='ltr'>optime</span> <span class='ocrx_word' id='word_1_143' title='bbox 797 2239 893 2306; x_wconf 86' lang='lat' dir='ltr'>stabit</span> <span class='ocrx_word' id='word_1_144' title='bbox 913 2239 1085 2328; x_wconf 85' lang='lat' dir='ltr'>Bergleini·</span> <span class='ocrx_word' id='word_1_145' title='bbox 1105 2239 1191 2305; x_wconf 88' lang='lat' dir='ltr'>haud</span> <span class='ocrx_word' id='word_1_146' title='bbox 1212 2240 1335 2328; x_wconf 84' lang='lat' dir='ltr'>impro-</span> 
     </span>
     <span class='ocr_line' id='line_1_20' title="bbox 173 2338 1340 2431; baseline 0.003 -23"><span class='ocrx_word' id='word_1_147' title='bbox 173 2343 284 2408; x_wconf 92' lang='lat' dir='ltr'>babilis</span> <span class='ocrx_word' id='word_1_148' title='bbox 297 2343 361 2408; x_wconf 91' lang='lat' dir='ltr'>loci</span> <span class='ocrx_word' id='word_1_149' title='bbox 371 2345 600 2431; x_wconf 80' lang='lat' dir='ltr'>interpretatio,</span> <span class='ocrx_word' id='word_1_150' title='bbox 623 2344 677 2430; x_wconf 90' lang='lat' dir='ltr'>qui</span> <span class='ocrx_word' id='word_1_151' title='bbox 694 2343 747 2425; x_wconf 87' lang='lat' dir='ltr'>(de</span> <span class='ocrx_word' id='word_1_152' title='bbox 759 2341 884 2408; x_wconf 86' lang='lat' dir='ltr'>Philox.</span> <span class='ocrx_word' id='word_1_153' title='bbox 897 2366 928 2431; x_wconf 92' lang='lat' dir='ltr'>p.</span> <span class='ocrx_word' id='word_1_154' title='bbox 940 2343 995 2425; x_wconf 76' lang='lat'>24)</span> <span class='ocrx_word' id='word_1_155' title='bbox 1013 2344 1079 2409; x_wconf 79' lang='lat' dir='ltr'>no&#39;n</span> <span class='ocrx_word' id='word_1_156' title='bbox 1100 2366 1131 2407; x_wconf 85' lang='lat' dir='ltr'>v.</span> <span class='ocrx_word' id='word_1_157' title='bbox 1155 2338 1340 2425; x_wconf 70' lang='grc' dir='ltr'><strong><em>στρόβιλον</em></strong></span> 
     </span>
     <span class='ocr_line' id='line_1_21' title="bbox 173 2443 1337 2537; baseline 0.001 -22"><span class='ocrx_word' id='word_1_158' title='bbox 173 2449 231 2515; x_wconf 92' lang='lat' dir='ltr'>sed</span> <span class='ocrx_word' id='word_1_159' title='bbox 253 2471 351 2515; x_wconf 83' lang='lat' dir='ltr'>voces</span> <span class='ocrx_word' id='word_1_160' title='bbox 375 2448 462 2514; x_wconf 73' lang='grc' dir='ltr'><strong><em>ἴδιον</em></strong></span> <span class='ocrx_word' id='word_1_161' title='bbox 483 2443 695 2532; x_wconf 69' lang='grc' dir='ltr'><strong><em>εόέμβαλοόν</em></strong></span> <span class='ocrx_word' id='word_1_162' title='bbox 714 2448 875 2535; x_wconf 80' lang='lat' dir='ltr'>urgendos</span> <span class='ocrx_word' id='word_1_163' title='bbox 899 2471 971 2513; x_wconf 91' lang='lat' dir='ltr'>esse</span> <span class='ocrx_word' id='word_1_164' title='bbox 993 2457 1099 2537; x_wconf 87' lang='lat' dir='ltr'>putat:</span> <span class='ocrx_word' id='word_1_165' title='bbox 1121 2449 1165 2514; x_wconf 91' lang='lat' dir='ltr'>ita</span> <span class='ocrx_word' id='word_1_166' title='bbox 1187 2457 1224 2513; x_wconf 88' lang='lat' dir='ltr'>ut</span> <span class='ocrx_word' id='word_1_167' title='bbox 1242 2466 1337 2518; x_wconf 86' lang='lat' dir='ltr'>se&#39;or-</span> 
     </span>
     <span class='ocr_line' id='line_1_22' title="bbox 172 2552 1333 2645; baseline 0.005 -25"><span class='ocrx_word' id='word_1_168' title='bbox 172 2556 234 2621; x_wconf 92' lang='lat' dir='ltr'>sim</span> <span class='ocrx_word' id='word_1_169' title='bbox 255 2564 287 2619; x_wconf 91' lang='lat' dir='ltr'>et</span> <span class='ocrx_word' id='word_1_170' title='bbox 309 2577 328 2618; x_wconf 92' lang='lat' dir='ltr'>a</span> <span class='ocrx_word' id='word_1_171' title='bbox 348 2552 471 2618; x_wconf 85' lang='lat' dir='ltr'>verbali</span> <span class='ocrx_word' id='word_1_172' title='bbox 497 2554 686 2642; x_wconf 83' lang='lat' dir='ltr'>musiceque</span> <span class='ocrx_word' id='word_1_173' title='bbox 711 2562 804 2618; x_wconf 85' lang='lat' dir='ltr'>textu</span> <span class='ocrx_word' id='word_1_174' title='bbox 833 2552 1107 2642; x_wconf 90' lang='lat' dir='ltr'>dithyramborum</span> <span class='ocrx_word' id='word_1_175' title='bbox 1128 2567 1333 2645; x_wconf 82' lang='lat' dir='ltr'>segregatam</span> 
     </span>
     <span class='ocr_line' id='line_1_23' title="bbox 172 2658 1335 2752; baseline 0.003 -25"><span class='ocrx_word' id='word_1_176' title='bbox 172 2661 277 2727; x_wconf 89' lang='lat' dir='ltr'>alieno</span> <span class='ocrx_word' id='word_1_177' title='bbox 309 2658 384 2725; x_wconf 92' lang='lat' dir='ltr'>loco</span> <span class='ocrx_word' id='word_1_178' title='bbox 421 2659 628 2726; x_wconf 86' lang='lat' dir='ltr'>intercalasse</span> <span class='ocrx_word' id='word_1_179' title='bbox 666 2660 822 2726; x_wconf 90' lang='lat' dir='ltr'>musicam</span> <span class='ocrx_word' id='word_1_180' title='bbox 854 2659 1176 2752; x_wconf 79' lang='lat' dir='ltr'>(Zwiscbeaopiele)</span> <span class='ocrx_word' id='word_1_181' title='bbox 1209 2662 1335 2733; x_wconf 82' lang='lat' dir='ltr'>dicatur</span> 
     </span>
     <span class='ocr_line' id='line_1_24' title="bbox 173 2760 1281 2861; baseline -0.001 -27"><span class='ocrx_word' id='word_1_182' title='bbox 173 2767 341 2857; x_wconf 85' lang='lat' dir='ltr'>Phrynnis.</span> <span class='ocrx_word' id='word_1_183' title='bbox 941 2856 944 2861; x_wconf 27' lang='grc' dir='ltr'>Ι</span> <span class='ocrx_word' id='word_1_184' title='bbox 1277 2760 1281 2779; x_wconf 72' lang='grc'>’</span> 
     </span>
     <span class='ocr_line' id='line_1_25' title="bbox 258 2873 1333 2965; baseline 0.003 -26"><span class='ocrx_word' id='word_1_185' title='bbox 258 2874 368 2958; x_wconf 83' lang='lat' dir='ltr'>Quum</span> <span class='ocrx_word' id='word_1_186' title='bbox 391 2896 468 2940; x_wconf 87' lang='lat' dir='ltr'>vero</span> <span class='ocrx_word' id='word_1_187' title='bbox 490 2874 632 2941; x_wconf 92' lang='lat' dir='ltr'>insolens</span> <span class='ocrx_word' id='word_1_188' title='bbox 660 2874 788 2965; x_wconf 89' lang='lat' dir='ltr'>quidam</span> <span class='ocrx_word' id='word_1_189' title='bbox 811 2883 942 2940; x_wconf 90' lang='lat' dir='ltr'>omatus</span> <span class='ocrx_word' id='word_1_190' title='bbox 973 2896 1011 2940; x_wconf 89' lang='lat' dir='ltr'>ac</span> <span class='ocrx_word' id='word_1_191' title='bbox 1039 2873 1333 2964; x_wconf 83' lang='lat' dir='ltr'>magniloquentiae</span> 
     </span>
     <span class='ocr_line' id='line_1_26' title="bbox 173 2980 1381 3072; baseline 0.001 -25"><span class='ocrx_word' id='word_1_192' title='bbox 173 3002 265 3047; x_wconf 89' lang='lat' dir='ltr'>amor</span> <span class='ocrx_word' id='word_1_193' title='bbox 277 2982 344 3047; x_wconf 90' lang='lat' dir='ltr'>fere</span> <span class='ocrx_word' id='word_1_194' title='bbox 360 2982 429 3048; x_wconf 91' lang='lat' dir='ltr'>sine</span> <span class='ocrx_word' id='word_1_195' title='bbox 446 2981 646 3048; x_wconf 89' lang='lat' dir='ltr'>molhtudine</span> <span class='ocrx_word' id='word_1_196' title='bbox 664 2981 802 3072; x_wconf 87' lang='lat' dir='ltr'>quadarn</span> <span class='ocrx_word' id='word_1_197' title='bbox 818 3003 885 3045; x_wconf 92' lang='lat' dir='ltr'>non</span> <span class='ocrx_word' id='word_1_198' title='bbox 905 2980 1095 3062; x_wconf 80' lang='lat' dir='ltr'>inveniatur,</span> <span class='ocrx_word' id='word_1_199' title='bbox 1115 2981 1230 3046; x_wconf 89' lang='lat' dir='ltr'>merito</span> <span class='ocrx_word' id='word_1_200' title='bbox 1252 2991 1331 3071; x_wconf 85' lang='lat' dir='ltr'>puto</span> <span class='ocrx_word' id='word_1_201' title='bbox 1376 2984 1381 2989; x_wconf 81' lang='lat'>&#39;</span> 
     </span>
     <span class='ocr_line' id='line_1_27' title="bbox 173 3087 1331 3180; baseline 0 -26"><span class='ocrx_word' id='word_1_202' title='bbox 173 3087 349 3177; x_wconf 90' lang='lat' dir='ltr'>Phrynnidi</span> <span class='ocrx_word' id='word_1_203' title='bbox 378 3088 519 3156; x_wconf 88' lang='lat' dir='ltr'>Ionicam</span> <span class='ocrx_word' id='word_1_204' title='bbox 552 3112 682 3180; x_wconf 88' lang='lat' dir='ltr'>quoque</span> <span class='ocrx_word' id='word_1_205' title='bbox 711 3087 981 3154; x_wconf 75' lang='lat' dir='ltr'>effeminationem</span> <span class='ocrx_word' id='word_1_206' title='bbox 1011 3088 1222 3176; x_wconf 77' lang='lat' dir='ltr'>approbatam</span> <span class='ocrx_word' id='word_1_207' title='bbox 1249 3108 1331 3154; x_wconf 82' lang='lat' dir='ltr'>esse.</span> 
     </span>
     <span class='ocr_line' id='line_1_28' title="bbox 172 3190 1332 3285; baseline -0.003 -23"><span class='ocrx_word' id='word_1_208' title='bbox 172 3193 301 3285; x_wconf 88' lang='lat' dir='ltr'>Nempe</span> <span class='ocrx_word' id='word_1_209' title='bbox 314 3190 559 3280; x_wconf 81' lang='grc' dir='ltr'><strong><em>Ἰωνσαόμτιτας</em></strong></span> <span class='ocrx_word' id='word_1_210' title='bbox 579 3195 736 3276; x_wconf 89' lang='lat' dir='ltr'>audiebat,</span> <span class='ocrx_word' id='word_1_211' title='bbox 760 3193 846 3285; x_wconf 91' lang='lat' dir='ltr'>quod</span> <span class='ocrx_word' id='word_1_212' title='bbox 869 3195 952 3260; x_wconf 88' lang='lat' dir='ltr'>sicut</span> <span class='ocrx_word' id='word_1_213' title='bbox 971 3192 1064 3260; x_wconf 90' lang='lat' dir='ltr'>lones</span> <span class='ocrx_word' id='word_1_214' title='bbox 1079 3231 1124 3242; x_wconf 90' lang='lat'>--</span> <span class='ocrx_word' id='word_1_215' title='bbox 1139 3201 1215 3259; x_wconf 88' lang='lat' dir='ltr'>sunt</span> <span class='ocrx_word' id='word_1_216' title='bbox 1231 3192 1332 3260; x_wconf 85' lang='lat' dir='ltr'>verba</span> 
     </span>
     <span class='ocr_line' id='line_1_29' title="bbox 173 3289 1332 3391; baseline -0.001 -26"><span class='ocrx_word' id='word_1_217' title='bbox 173 3299 407 3367; x_wconf 79' lang='lat' dir='ltr'>Hemsterhu&#39;sii</span> <span class='ocrx_word' id='word_1_218' title='bbox 439 3305 479 3369; x_wconf 91' lang='lat' dir='ltr'>ad</span> <span class='ocrx_word' id='word_1_219' title='bbox 508 3301 631 3370; x_wconf 90' lang='lat' dir='ltr'>Polluc.</span> <span class='ocrx_word' id='word_1_220' title='bbox 654 3300 675 3384; x_wconf 93' lang='lat' dir='ltr'>l,</span> <span class='ocrx_word' id='word_1_221' title='bbox 700 3324 732 3391; x_wconf 89' lang='lat' dir='ltr'>p.</span> <span class='ocrx_word' id='word_1_222' title='bbox 749 3299 814 3366; x_wconf 81' lang='lat'>385</span> <span class='ocrx_word' id='word_1_223' title='bbox 834 3338 877 3349; x_wconf 81' lang='lat'><em>-</em></span> <span class='ocrx_word' id='word_1_224' title='bbox 898 3289 1082 3366; x_wconf 85' lang='lat' dir='ltr'>saltationes</span> <span class='ocrx_word' id='word_1_225' title='bbox 1111 3296 1273 3366; x_wconf 85' lang='lat' dir='ltr'>masculas</span> <span class='ocrx_word' id='word_1_226' title='bbox 1298 3300 1332 3365; x_wconf 91' lang='lat' dir='ltr'>in</span> 
     </span>
     <span class='ocr_line' id='line_1_30' title="bbox 173 3406 1332 3498; baseline 0.001 -26"><span class='ocrx_word' id='word_1_227' title='bbox 173 3406 374 3472; x_wconf 86' lang='lat' dir='ltr'>effeminatos</span> <span class='ocrx_word' id='word_1_228' title='bbox 396 3430 494 3496; x_wconf 85' lang='lat' dir='ltr'>gyros</span> <span class='ocrx_word' id='word_1_229' title='bbox 517 3407 740 3498; x_wconf 85' lang='lat' dir='ltr'>flexionesque</span> <span class='ocrx_word' id='word_1_230' title='bbox 762 3408 955 3498; x_wconf 82' lang='lat' dir='ltr'>frangerent,</span> <span class='ocrx_word' id='word_1_231' title='bbox 976 3409 1021 3473; x_wconf 90' lang='lat' dir='ltr'>ita</span> <span class='ocrx_word' id='word_1_232' title='bbox 1043 3407 1166 3497; x_wconf 91' lang='lat' dir='ltr'>ipsein</span> <span class='ocrx_word' id='word_1_233' title='bbox 1188 3407 1332 3473; x_wconf 90' lang='lat' dir='ltr'>severio·</span> 
     </span>
     <span class='ocr_line' id='line_1_31' title="bbox 173 3512 1332 3603; baseline 0 -26"><span class='ocrx_word' id='word_1_234' title='bbox 173 3534 243 3578; x_wconf 90' lang='lat' dir='ltr'>rem</span> <span class='ocrx_word' id='word_1_235' title='bbox 269 3513 425 3580; x_wconf 87' lang='lat' dir='ltr'>musicam</span> <span class='ocrx_word' id='word_1_236' title='bbox 454 3515 575 3603; x_wconf 87' lang='lat' dir='ltr'>crispos</span> <span class='ocrx_word' id='word_1_237' title='bbox 598 3514 756 3603; x_wconf 87' lang='lat' dir='ltr'>quosdam</span> <span class='ocrx_word' id='word_1_238' title='bbox 778 3523 811 3580; x_wconf 86' lang='lat' dir='ltr'>et</span> <span class='ocrx_word' id='word_1_239' title='bbox 837 3513 976 3583; x_wconf 89' lang='lat' dir='ltr'>lubricos</span> <span class='ocrx_word' id='word_1_240' title='bbox 1003 3514 1180 3579; x_wconf 81' lang='lat' dir='ltr'>invexisset</span> <span class='ocrx_word' id='word_1_241' title='bbox 1208 3512 1332 3578; x_wconf 83' lang='lat' dir='ltr'>modos.</span> 
     </span>
     <span class='ocr_line' id='line_1_32' title="bbox 173 3615 1334 3709; baseline -0.002 -24"><span class='ocrx_word' id='word_1_242' title='bbox 173 3617 258 3685; x_wconf 89' lang='lat' dir='ltr'>Hinc</span> <span class='ocrx_word' id='word_1_243' title='bbox 281 3620 376 3685; x_wconf 92' lang='lat' dir='ltr'>etiam</span> <span class='ocrx_word' id='word_1_244' title='bbox 399 3615 695 3706; x_wconf 81' lang='grc' dir='ltr'><strong><em>ὃνσκολοκόμτιτας</em></strong></span> <span class='ocrx_word' id='word_1_245' title='bbox 715 3618 849 3707; x_wconf 76' lang='grc' dir='ltr'><strong><em>καμπὰς</em></strong></span> <span class='ocrx_word' id='word_1_246' title='bbox 871 3631 962 3687; x_wconf 88' lang='lat' dir='ltr'>notat</span> <span class='ocrx_word' id='word_1_247' title='bbox 984 3618 1227 3709; x_wconf 85' lang='lat' dir='ltr'>Aristoph·anes;</span> <span class='ocrx_word' id='word_1_248' title='bbox 1251 3616 1282 3683; x_wconf 92' lang='lat' dir='ltr'>h.</span> <span class='ocrx_word' id='word_1_249' title='bbox 1305 3640 1334 3685; x_wconf 90' lang='lat' dir='ltr'>e.</span> 
     </span>
     <span class='ocr_line' id='line_1_33' title="bbox 173 3725 1335 3820; baseline -0.004 -26"><span class='ocrx_word' id='word_1_250' title='bbox 173 3737 210 3794; x_wconf 92' lang='lat' dir='ltr'>ut</span> <span class='ocrx_word' id='word_1_251' title='bbox 230 3728 376 3820; x_wconf 88' lang='lat' dir='ltr'>ejusdem</span> <span class='ocrx_word' id='word_1_252' title='bbox 398 3727 503 3794; x_wconf 88' lang='lat' dir='ltr'>verbis</span> <span class='ocrx_word' id='word_1_253' title='bbox 526 3737 598 3794; x_wconf 88' lang='lat' dir='ltr'>utar</span> <span class='ocrx_word' id='word_1_254' title='bbox 625 3727 818 3794; x_wconf 85' lang='lat' dir='ltr'>modulos¹</span> <span class='ocrx_word' id='word_1_255' title='bbox 835 3725 1224 3816; x_wconf 88' lang='lat' dir='ltr'>contortuplicatos,</span> <span class='ocrx_word' id='word_1_256' title='bbox 1249 3745 1335 3790; x_wconf 83' lang='lat' dir='ltr'>non</span> 
     </span>
     <span class='ocr_line' id='line_1_34' title="bbox 174 3829 1335 3923; baseline -0.003 -24"><span class='ocrx_word' id='word_1_257' title='bbox 174 3835 296 3902; x_wconf 89' lang='lat' dir='ltr'>facile</span> <span class='ocrx_word' id='word_1_258' title='bbox 318 3837 440 3902; x_wconf 85' lang='lat' dir='ltr'>variis</span> <span class='ocrx_word' id='word_1_259' title='bbox 470 3834 761 3902; x_wconf 89' lang='lat' dir='ltr'>inflexionibus</span> <span class='ocrx_word' id='word_1_260' title='bbox 785 3832 1075 3923; x_wconf 86' lang='lat' dir='ltr'>exprimendos.</span> <span class='ocrx_word' id='word_1_261' title='bbox 1120 3831 1186 3901; x_wconf 86' lang='lat' dir='ltr'>Cfr.</span> <span class='ocrx_word' id='word_1_262' title='bbox 1208 3829 1335 3897; x_wconf 84' lang='lat' dir='ltr'>Polluc.</span> 
     </span>
     <span class='ocr_line' id='line_1_35' title="bbox 173 3934 1338 4029; baseline -0.006 -21"><span class='ocrx_word' id='word_1_263' title='bbox 173 3939 254 4010; x_wconf 84' lang='lat' dir='ltr'>Lex.</span> <span class='ocrx_word' id='word_1_264' title='bbox 270 3942 325 4024; x_wconf 84' lang='grc' dir='ltr'>Ν,</span> <span class='ocrx_word' id='word_1_265' title='bbox 344 3945 391 4010; x_wconf 87' lang='lat'>10.</span> <span class='ocrx_word' id='word_1_266' title='bbox 443 3940 527 4009; x_wconf 91' lang='lat' dir='ltr'>Hinc</span> <span class='ocrx_word' id='word_1_267' title='bbox 556 3937 679 4007; x_wconf 83' lang='grc' dir='ltr'><strong><em>κλάσαι</em></strong></span> <span class='ocrx_word' id='word_1_268' title='bbox 708 3939 771 4020; x_wconf 75' lang='grc' dir='ltr'>τὴν</span> <span class='ocrx_word' id='word_1_269' title='bbox 794 3936 884 4029; x_wconf 77' lang='grc' dir='ltr'><strong><em>ᾠδὴν</em></strong></span> <span class='ocrx_word' id='word_1_270' title='bbox 912 3938 967 4003; x_wconf 71' lang='grc' dir='ltr'>ἐπὶ</span> <span class='ocrx_word' id='word_1_271' title='bbox 1001 3939 1040 4004; x_wconf 86' lang='grc' dir='ltr'><strong><em>τό</em></strong></span> <span class='ocrx_word' id='word_1_272' title='bbox 1069 3934 1338 4024; x_wconf 66' lang='grc' dir='ltr'><strong><em>μαλθακόττροτ</em></strong></span> 
     </span>
     <span class='ocr_line' id='line_1_36' title="bbox 173 4044 1336 4138; baseline -0.003 -24"><span class='ocrx_word' id='word_1_273' title='bbox 173 4051 367 4138; x_wconf 48' lang='lat' dir='ltr'>coarguitur,</span> <span class='ocrx_word' id='word_1_274' title='bbox 422 4049 538 4138; x_wconf 92' lang='lat' dir='ltr'>Neque</span> <span class='ocrx_word' id='word_1_275' title='bbox 572 4051 604 4114; x_wconf 93' lang='lat' dir='ltr'>in</span> <span class='ocrx_word' id='word_1_276' title='bbox 634 4071 668 4113; x_wconf 89' lang='lat' dir='ltr'>re</span> <span class='ocrx_word' id='word_1_277' title='bbox 697 4047 821 4112; x_wconf 91' lang='lat' dir='ltr'>musica</span> <span class='ocrx_word' id='word_1_278' title='bbox 850 4044 955 4111; x_wconf 91' lang='lat' dir='ltr'>solum</span> <span class='ocrx_word' id='word_1_279' title='bbox 977 4046 1166 4115; x_wconf 89' lang='lat' dir='ltr'>novationes</span> <span class='ocrx_word' id='word_1_280' title='bbox 1197 4054 1336 4112; x_wconf 86' lang='lat' dir='ltr'>conatus</span> 
     </span>
     <span class='ocr_line' id='line_1_37' title="bbox 174 4151 1336 4246; baseline -0.003 -26"><span class='ocrx_word' id='word_1_281' title='bbox 174 4163 233 4235; x_wconf 90' lang='lat' dir='ltr'>cst,</span> <span class='ocrx_word' id='word_1_282' title='bbox 259 4154 317 4220; x_wconf 89' lang='lat' dir='ltr'>sed</span> <span class='ocrx_word' id='word_1_283' title='bbox 339 4170 472 4221; x_wconf 86' lang='lat' dir='ltr'>nemum</span> <span class='ocrx_word' id='word_1_284' title='bbox 495 4178 623 4246; x_wconf 90' lang='lat' dir='ltr'>quoque</span> <span class='ocrx_word' id='word_1_285' title='bbox 645 4152 876 4243; x_wconf 82' lang='lat' dir='ltr'>dithyrambica</span> <span class='ocrx_word' id='word_1_286' title='bbox 898 4153 1009 4241; x_wconf 81' lang='lat' dir='ltr'>generi</span> <span class='ocrx_word' id='word_1_287' title='bbox 1035 4154 1138 4243; x_wconf 86' lang='lat' dir='ltr'>magis</span> <span class='ocrx_word' id='word_1_288' title='bbox 1160 4151 1336 4220; x_wconf 73' lang='lat' dir='ltr'>assimilem</span> 
     </span>
     <span class='ocr_line' id='line_1_38' title="bbox 172 4254 1336 4353; baseline -0.005 -24"><span class='ocrx_word' id='word_1_289' title='bbox 172 4259 310 4329; x_wconf 88' lang='lat' dir='ltr'>reddidit</span> <span class='ocrx_word' id='word_1_290' title='bbox 331 4261 449 4353; x_wconf 88' lang='lat' dir='ltr'>quippe</span> <span class='ocrx_word' id='word_1_291' title='bbox 472 4285 568 4353; x_wconf 89' lang='lat' dir='ltr'>quem</span> <span class='ocrx_word' id='word_1_292' title='bbox 590 4259 708 4330; x_wconf 87' lang='lat' dir='ltr'>Proclo</span> <span class='ocrx_word' id='word_1_293' title='bbox 736 4268 818 4327; x_wconf 85' lang='lat' dir='ltr'>teste</span> <span class='ocrx_word' id='word_1_294' title='bbox 847 4254 1118 4345; x_wconf 74' lang='grc' dir='ltr'><strong><em>ἐκαινοτόμησα·</em></strong></span> <span class='ocrx_word' id='word_1_295' title='bbox 1143 4254 1182 4326; x_wconf 91' lang='grc' dir='ltr'><strong><em>τό</em></strong></span> <span class='ocrx_word' id='word_1_296' title='bbox 1210 4280 1246 4325; x_wconf 77' lang='grc' dir='ltr'>τε</span> <span class='ocrx_word' id='word_1_297' title='bbox 1271 4254 1336 4348; x_wconf 70' lang='grc' dir='ltr'>γὰρ</span> 
     </span>
    </p>
   </div>
   <div class='ocr_carea' id='block_1_4' title="bbox 0 0 1404 4672">
    <p class='ocr_par' dir='ltr' id='par_1_4' title="bbox 0 0 1404 4672">
     <span class='ocr_line' id='line_1_39' title="bbox 0 0 1404 4672; baseline 0 0"><span class='ocrx_word' id='word_1_298' title='bbox 0 0 1404 4672; x_wconf 95' lang='lat' dir='ltr'> </span> 
     </span>
    </p>
   </div>
  </div>
 </body>
</html>
