2798 4672
1141 258 1216 333 189

58 441 260 530 Dionysiacis
283 439 728 522 fabulis-adnecterentur⁸²).
771 436 857 504 Hinc
870 441 1024 529 imprimis
1039 443 1217 508 maximum

58 548 230 613 subnatum
263 547 361 612 fuisse
392 555 471 634 puto
502 543 638 609 liliorum
665 543 788 609 Bacchi
821 566 992 611 numerum
1019 545 1093 613 hinc
1121 549 1217 613 etiam

58 653 212 742 plurimas
243 652 282 718 de
313 650 567 740 expeditionibus
595 648 789 738 proeliisque
818 648 938 715 Bacchi
965 651 1107 718 fabellas.
1151 653 1217 718 Pro

58 781 123 848 qua
144 761 301 824 sententia
321 757 487 824 meliorem
508 754 647 821 Phliasia
674 763 791 820 testem
811 755 868 820 vix
889 752 1012 838 habeo,
1043 781 1126 846 quae
1149 759 1218 848 qui·

58 865 134 929 dem
156 874 255 944 terra,
285 887 358 929 cum
386 861 584 950 Araethyrea
611 869 706 926 antea
733 859 921 942 audivisset,
955 861 1071 928 deinde
1098 885 1218 930 nomen

58 971 209 1051 mutavit,
236 993 255 1034 a
275 968 438 1049 Phliante,
464 989 531 1033 non
554 965 645 1032 Calai
666 965 802 1057 amplius
832 967 890 1033 sed
911 965 1034 1033 Bacchi
1056 990 1098 1033 ex
1120 970 1220 1035 Arae·

59 1074 173 1163 thyrea
194 1073 267 1140 lilio.
312 1076 361 1140 Cf.
383 1074 524 1140 Pausan.
542 1071 578 1153 ll,
597 1072 712 1151 1216.
755 1071 859 1138 Simul
881 1096 924 1137 ex
941 1071 999 1153 his,
1023 1096 1106 1164 quae
1121 1074 1219 1139 modo

61 1181 136 1262 dixi,
159 1181 278 1268 optime
300 1179 495 1269 intellegitur
517 1178 654 1245 Zenobii
674 1176 772 1243 Prdv.
794 1178 836 1259 V,
857 1179 901 1242 40
921 1177 1030 1261 locus,
1051 1181 1221 1246 vexatissi-

59 1310 146 1353 mus:
175 1285 242 1350 τῶν
266 1285 375 1375 χορῶν
400 1285 440 1366 ἐξ·
457 1280 561 1371 ύρχῆρ
589 1276 793 1368 εἰθισμένων
822 1280 1040 1370 διθύραμβον
1061 1282 1156 1374 ᾄδειν
1176 1279 1222 1362 εἰς

61 1391 121 1458 τὸν
147 1388 327 1472 Διόνυσον,
359 1393 392 1458 οἱ
421 1392 559 1470 ποιηταὶ
588 1381 726 1475 ὕστερον
753 1385 908 1472 ἐκβάντες
942 1389 1004 1468 τὴν
1031 1390 1222 1471 συνηθείαν

61 1496 187 1578 ταύτην
215 1499 426 1583 Attamen)
458 1497 498 1583 (l)
529 1499 584 1561 καὶ
615 1492 824 1580 Κενταύρους
856 1491 998 1582 γρύσειν
1025 1498 1222 1586 ἐπεχείρουν.

61 1597 147 1671 ὅθεν
176 1605 208 1670 οἱ
230 1600 397 1690 θεώμενοι
429 1598 633 1679 σκώπτοντες
660 1599 787 1686 ἔλεγον·
816 1598 1022 1691 οὐδένπρὸς
1048 1601 1221 1673 Διόνυσον.

62 1711 119 1776 διύ
141 1711 221 1794 γοῦν
240 1711 338 1776 τοῦτο
360 1709 437 1788 τούς
458 1707 629 1798 Σατύρους
651 1701 792 1805 ὕστερον
818 1706 930 1790 ἔδοξεν
958 1707 1072 1788 αὐτοῖς
1096 1735 1223 1799 προεις-

61 1815 155 1900 ύγειν
174 1811 232 1882 ἵνα
253 1815 300 1902 μὴ
322 1817 465 1883 δοκῶσιν
479 1811 778 1883 ἐπιλανθάνεσθαι
796 1816 857 1878 τού
871 1816 965 1881 θεοῦ.
995 1817 1123 1883 Etenim
1133 1819 1223 1884 initio

62 1935 178 2016 poetae
201 1925 328 1991 tametsi
349 1947 415 1990 non
430 1921 553 1988 Bacchi
573 1922 673 2010 ipsius
693 1914 794 1998 πύθη
818 1918 943 1986 choreis
966 1922 1224 2012 carminibusque

63 2029 287 2112 celebrarent,
304 2040 412 2096 tamen
433 2051 545 2094 eorum
567 2035 654 2094 certe
675 2023 811 2090 heroum
833 2020 934 2105 πύθη
954 2026 1116 2094 celebrare
1139 2027 1225 2093 sole-

62 2137 149 2218 bant,
172 2135 286 2225 quibus
309 2158 384 2200 non.
398 2133 495 2200 modo
519 2156 594 2200 cum
615 2129 782 2197 Bacchidis
804 2128 899 2196 rebus
922 2134 1104 2224 conjunctio
1126 2135 1225 2200 inter·

63 2243 209 2320 cederet,
242 2242 300 2306 sed
330 2240 444 2330 quibus
474 2263 517 2306 ex
548 2239 657 2328 patriis
683 2237 779 2302 etiam
812 2237 947 2304 civitatis
979 2237 1092 2304 fabulis
1126 2239 1225 2306 inter-

64 2348 204 2428 cederet,
224 2347 256 2413 in
281 2369 344 2437 qua
368 2347 520 2413 docerent
541 2343 667 2411 choros.
701 2346 740 2413 cl.
764 2342 967 2412 Schneidew.
990 2343 1113 2411 Simon.
1130 2368 1160 2435 p.
1173 2345 1224 2411 52.

63 2453 192 2520 Dissen.
215 2452 307 2518 Pind.
328 2474 359 2541 p.
373 2453 445 2517 625.
487 2450 622 2518 Mueller
644 2452 733 2540 epist.
758 2461 831 2518 ante
852 2449 1056 2517 Schneidew.
1079 2448 1164 2540 lbyc.
1187 2451 1225 2517 f.

64 2584 95 2649 p.
118 2559 174 2626 XI.
218 2559 338 2625 Postea
362 2567 470 2624 autem
498 2580 540 2624 ne
566 2556 629 2624 hoc
658 2557 788 2648 quidem
814 2556 1047 2647 praescriptum
1074 2557 1227 2623 remansit

63 2667 218 2730 intactum
250 2663 308 2753 sed
336 2687 394 2752 pro
428 2662 531 2729 lubitu
560 2673 675 2752 poetae
707 2673 762 2731 aut
788 2664 929 2751 Sicyone
963 2662 1116 2730 docentes
1145 2687 1171 2729 e.
1196 2686 1226 2752 g.

65 2769 238 2837 Thebanos
260 2778 317 2833 aut
338 2767 457 2833 Thebis
480 2768 689 2854 Sicyoniacas
709 2769 954 2835 immiscuerunt
973 2767 1096 2834 fabulas
1115 2791 1228 2835 narra·

65 2875 204 2941 tionibus
225 2873 441 2962 popularibus,
464 2894 528 2962 quo
551 2871 658 2936 audito
682 2880 715 2935 et
736 2873 807 2939 viso
832 2871 1083 2953 conclamarunt,
1103 2874 1227 2940 obstre-

64 2970 268 3072 pueruntque
291 2987 508 3068 spectatores,
539 2977 657 3058 „nibil
677 2977 738 3043 boc
760 2977 806 3042 od
824 2976 1035 3063 Diortpsum”
1058 3000 1117 3044 suo
1141 2987 1228 3044 certe

68 3122 271 3134 ...n—a—

104 3209 282 3275 ⁸²)P1ut.tt.
302 3209 349 3261 Gr.
370 3210 414 3262 12.
440 3209 485 3274 τῆς
501 3206 533 3260 δὲ
552 3203 686 3280 Ἡρωύδος
708 3204 741 3259 τὰ
760 3209 873 3260 πλεῖστα
889 3203 1029 3279 μουσικὸν
1051 3206 1108 3276 ἔχει
1131 3202 1228 3275 λόγον,

138 3291 171 3350 ύν
189 3299 284 3348 ἴσασιν
301 3296 331 3346 αἱ
352 3291 475 3353 Θοϊύδες.
504 3293 535 3346 ἐκ
554 3293 586 3347 δὲ
604 3293 748 3366 δρωμένου
767 3287 803 3347 dv
819 3311 858 3351 uc
876 3295 1002 3363 φανερῶς
1019 3297 1142 3365 Σεμέλης
1159 3289 1228 3348 ἀνα-

137 3379 232 3451 γωγὴν
250 3377 374 3435 εἰκάσειε.
394 3383 423 3434 V.
441 3381 558 3435 Schoell.
576 3381 643 3449 orig.
663 3382 711 3435 Gr.
729 3383 776 3434 Dr.
796 3398 822 3448 p.
841 3382 955 3436 62-70.

105 3485 142 3551 ⁸³)
160 3485 231 3538 Huic
256 3487 316 3538 loco
342 3487 473 3538 maculam
497 3484 634 3552 impictam
659 3501 719 3536 esse
741 3483 798 3549 iam
820 3484 959 3548 Bentlejus
984 3485 1051 3538 vidit
1074 3485 1102 3538 in
1127 3487 1229 3555 Opusc.

140 3591 167 3639 p.
185 3573 239 3624 284
256 3576 338 3640 atquo
357 3574 490 3639 Γίγαντας
505 3571 560 3638 legi
576 3570 664 3637 jubet,
681 3573 813 3640 probanto
831 3570 986 3637 Boettigero
1009 3576 1165 3640 Voseopem.
1184 3575 1229 3640 ln,

138 3659 204 3720 1623
223 3663 390 3725 repugnante
408 3659 546 3710 Welckero
564 3657 674 3710 Nachtr.
692 3674 719 3726 p.
732 3659 783 3711 278
795 3662 851 3710 not.
863 3659 925 3711 238.
949 3659 1093 3724 Bergleino
1112 3660 1147 3710 de
1164 3658 1230 3711 Phi-

139 3745 194 3796 lox.
218 3745 295 3810 cyth.
313 3763 339 3813 p.
353 3747 397 3799 ³3.
438 3747 477 3798 Ac
500 3760 566 3798 sano
590 3743 699 3806 nescio,
730 3744 796 3812 quid
818 3743 895 3809 Aiaci
925 3761 987 3798 curn
1013 3743 1156 3798 Centauris
1183 3744 1229 3800 sit.

139 3831 238 3882 Verum
266 3832 390 3900 equidem
418 3834 481 3897 lego
509 3831 600 3900 potius
620 3825 790 3889 Ἀταλύνιας.
820 3830 855 3883 ct.
872 3831 977 3883 helian.
997 3833 1028 3883 V.
1045 3831 1081 3881 H.
1098 3830 1166 3894 xm,
1185 3832 1231 3885 11.

140 3916 240 3969 Similis
260 3934 274 3969 e
292 3918 392 3971 Juliani
409 3920 483 3972 Orat.
502 3921 546 3985 Vl,
564 3937 591 3986 p.
609 3920 662 3972 220
679 3917 781 3986 Spanb.
805 3917 940 3969 tollendus
957 3932 1031 3968 error
1050 3922 1105 3966 est:
1128 3914 1229 3969 ἕποντο

142 3997 171 4051 δ’
193 3997 264 4069 αύτῷ
283 3999 315 4055 ού
332 4006 443 4058 NAYC
455 4001 582 4075 καθάπερ
598 4000 740 4073 Ἡρακλεῖ,
767 3999 828 4055 οὐδ’
843 3997 941 4064 Ὕλας,
967 3996 1028 4052 οὐδ’
1049 3996 1063 4051 ὁ
1085 3996 1227 4072 Τελαμών,

142 4084 205 4140 οὐδ’
231 4085 349 4155 ὁΑἴας,
375 4087 439 4143 οὐδ’
463 4085 607 4162 Ἅβδηρος,
633 4086 701 4142 ἀλλὰ
725 4083 850 4157 Σάτυρος
874 4089 921 4139 καὶ
942 4081 1052 4154 Βύκχαι
1075 4088 1122 4138 καὶ
1138 4090 1231 4148 Πᾶνες

142 4177 190 4226 καὶ
208 4172 360 4247 Δαιμύνων
378 4174 483 4247 ςρατιύ.
519 4181 607 4245 Lego:
626 4172 689 4229 οὐδ’
710 4173 865 4230 10AA00.
883 4174 919 4228 cf.
932 4177 1013 4228 Pauo.
1023 4177 1092 4238 Vlll,
1105 4177 1147 4231 14.
1165 4179 1229 4231 Eur.

142 4263 249 4318 lieracl.
265 4267 327 4318 215.
