2798 4666
115 211 191 287 216

115 396 157 462 rit
184 414 234 485 op.
262 389 377 460 Athen.
399 390 488 476 XIV,
509 414 540 483 p.
563 394 626 459 617
647 395 681 459 Β.
712 391 766 481 qui
797 386 888 455 locus
918 382 1006 451 haud
1032 381 1137 472 magis
1161 378 1282 473 aliquid

118 500 160 567 ad
173 497 410 589 Aesculapium,
434 522 531 590 quarn
552 499 700 589 superior
721 496 762 563 ad
776 515 896 562 navem
910 491 995 558 facit.
1026 488 1160 557 Memini
1172 496 1282 554 tamen

119 606 303 694 Dionysum
326 627 455 696 quoque
483 605 645 673 medicum
672 626 743 671 esse
771 599 908 681 cultum3
942 619 1006 688 quo
1036 596 1077 664 de
1098 595 1281 663 Creunerus

119 714 152 778 in
174 711 322 801 Dionyso
344 735 375 802 p.
398 711 461 777 247
485 712 572 778 dixit.
623 709 717 777 Aliud
748 706 899 799 quiddam
926 703 1082 794 suspicari
1110 701 1283 793 possimus,

121 821 149 885 si
166 817 394 908 Aesculapium
408 818 634 909 negaverimus
658 813 894 905 dithyrambum
915 812 1024 892 luisse,
1044 806 1134 899 quod
1154 805 1284 897 quidem

123 923 208 991 edite
228 946 388 1014 nusquam
410 933 567 991 testantur
588 934 724 992 veteres.
767 920 919 1008 Namque
938 914 1094 1006 Epidauri
1116 911 1199 979 urbe
1226 912 1286 979 Ar·

124 1029 239 1120 golidis
260 1029 444 1119 Aesculapii
462 1029 551 1097 cultu
571 1027 768 1096 nobilissima
788 1027 821 1090 in
842 1023 1000 1090 honorem
1027 1021 1080 1087 dei
1101 1017 1286 1111 Epidauria,

124 1137 193 1202 sive
217 1133 386 1225 Asclepiea
405 1137 487 1203 festa
507 1135 668 1203 celebrata
694 1141 784 1215 sunt,
813 1154 897 1222 quae
920 1136 1053 1219 propter
1076 1122 1285 1215 magnificen-

124 1242 203 1305 tiam
225 1240 376 1307 eximiam
396 1237 526 1327 μεγάλα
545 1239 768 1321 'Aoni-nariam
789 1249 821 1305 et
841 1228 1154 1328 μεγαλοασκλήπεια
1176 1229 1288 1323 appel-

125 1343 282 1412 labantur.
324 1345 377 1412 De
398 1347 447 1414 his
472 1348 566 1416 docte
589 1349 736 1416 disseruit
756 1348 793 1414 C.
807 1341 968 1436 Sprengel
988 1338 1175 1423 „Veraucla
1198 1340 1288 1405 einer

125 1453 399 1540 propmatiechen
440 1455 633 1523 Gesehtclate
665 1459 725 1523 der
761 1450 1052 1520 Arzencilrunde.”
1089 1444 1177 1513 Hal·
1195 1443 1286 1511 1800.

127 1556 222 1623 Tom.
234 1557 256 1640 l,
269 1581 300 1648 p.
314 1559 386 1625 213.
430 1560 497 1626 Sed
516 1564 639 1628 musica
662 1583 791 1652 quoque
813 1556 989 1626 certamina
1007 1555 1041 1620 in
1061 1552 1178 1620 iisdem
1199 1572 1289 1619 com·

128 1663 227 1727 missa
250 1686 332 1743 esse,
355 1688 397 1731 ex
418 1665 561 1732 Platonis
583 1667 660 1734 lone
679 1690 710 1756 p.
728 1666 793 1732 530
807 1665 845 1732 A.
869 1666 1078 1754 (quamquam
1090 1660 1188 1727 unico
1202 1654 1289 1741 loco)

130 1770 365 1857 cognoscimus.
408 1770 596 1861 Respondet
616 1775 660 1840 ibi
680 1771 713 1839 lo
736 1770 932 1862 rhapsodus‚
959 1766 1127 1858 quaerenti
1154 1788 1201 1833 ex
1219 1765 1289 1855 ipso

130 1873 272 1942 Socrati:
301 1876 375 1962 μῶν
400 1879 457 1941 καὶ
484 1880 654 1968 ῥαψῳδῶν
682 1876 795 1969 ἀγῶνα
824 1877 965 1941 τιθέασι
987 1870 1033 1962 aqi
1054 1871 1129 1963 θεῷ
1148 1871 1185 1936 ot
1201 1866 1291 1937 'Bm-

131 1974 282 2067 dedomo,-
302 1982 398 2050 haec:
420 1981 509 2050 πάνυ
530 2008 566 2075 ys
588 1987 645 2050 καὶ
667 1986 724 2064 τῆς
746 1981 849 2064 ἄλλης
870 2005 905 2065 γε
926 1978 1097 2065 μουσικῆς.
1140 1972 1292 2045 Fortasse

129 2087 227 2174 igitur
248 2089 398 2158 Telestae
420 2092 631 2183 Aesculapius
661 2115 792 2159 carmen
819 2101 888 2157 erat
914 2089 1002 2157 lestis
1029 2086 1080 2154 his
1100 2084 1292 2253 Epidaurio-

130 2214 204 2260 rum
226 2194 337 2263 diebus
359 2200 582 2290 compositum.
604 2238 648 2247 -

217 2299 368 2393 Denique
390 2305 563 2372 Simonidis
584 2305 791 2372 Memnonem
806 2303 923 2371 Strabo
936 2301 1054 2393 XV,p.
1066 2300 1182 2369 728ss.
1205 2320 1292 2369 com-

133 2417 307 2491 memorat;
342 2409 383 2475 ad
410 2414 502 2503 cujus
532 2434 607 2478 cum
635 2410 803 2478 Bacchicis
831 2411 927 2477 rebus
954 2406 1194 2499 expediendum
1216 2426 1292 2473 eon-

132 2529 255 2574 nexum
277 2461 329 2578 alii
352 2515 392 2581 dc
412 2519 547 2597 Aurora,
568 2515 747 2583 Memnonis
766 2525 878 2596 matre,
900 2516 1087 2607 nescioquo
1104 2516 1181 2606 jure
1203 2510 1293 2601 cogi·

133 2621 257 2698 tarunt;
279 2617 341 2701 alii,
363 2644 443 2712 quos
464 2624 548 2688 inter
562 2621 828 2688 Schneidewinus
851 2621 973 2689 Simon.
989 2622 1026 2689 lr.
1039 2621 1080 2687 41
1105 2618 1150 2687 ad
1170 2616 1293 2687 cultum

133 2717 272 2812 Dionysi
292 2725 404 2793 solaris
427 2726 512 2818 apud
526 2726 639 2795 Delios
653 2738 824 2818 provocat3
847 2729 999 2795 seductus
1018 2748 1121 2819 prava
1141 2722 1293 2793 librorum

136 2891 335 2916 ἢ

206 2993 315 3055 σάντων
332 3001 380 3056 ἐπὶ
403 3005 449 3072 τῆς
461 3001 573 3079 Ἀργοῦς
591 3007 639 3058 καὶ
660 3007 757 3060 τοῦτον
774 3006 907 3075 γενέσθαι
923 2997 1087 3075 λεγόμενον·
1112 2998 1251 3075 ὁμολογεῖ
1264 2996 1293 3053 dl

204 3101 256 3155 μοι
272 3089 320 3140 καὶ
338 3093 387 3143 τοῦ
402 3087 510 3144 Ῥοδίου
528 3094 644 3159 ποιητοῦ
662 3089 696 3145 τὰ
714 3092 775 3159 ἔπη.
813 3092 869 3148 Cir.
886 3093 1016 3159 Didymus
1033 3092 1065 3145 ll.
1081 3086 1106 3158 ff
1125 3092 1182 3147 570
1197 3094 1228 3143 et
1244 3090 1293 3143 Ga·

207 3175 314 3240 talogus
325 3179 540 3245 Argonautarum
555 3180 690 3249 praefixus
704 3182 792 3235 vater.
802 3182 895 3234 Flacc.
907 3179 1015 3248 Bipont.
1026 3178 1105 3233 1788.
1116 3193 1146 3246 p.
1156 3174 1293 3231 Lxxxvt.

204 3259 329 3315 Fuerunt
347 3266 455 3333 quidem
473 3266 618 3336 Staphylus
636 3282 745 3336 quoque
763 3271 792 3319 et
808 3266 928 3332 Planus,
942 3264 1043 3319 Bacchi
1058 3264 1110 3317 litii
1126 3262 1202 3317 inter
1212 3264 1295 3330 Argo·

208 3352 314 3415 nautas,
331 3367 445 3418 qnorum
464 3357 567 3422 tamen,
592 3371 676 3422 quum
695 3363 808 3422 uterque
825 3353 876 3406 soli
893 3356 1117 3405 commemoretur
1134 3350 1293 3421 Apollodoro

208 3446 263 3484 non
281 3451 378 3502 magna
394 3438 573 3494 increbruisse
590 3441 663 3494 fama
680 3441 797 3494 videtur.
837 3441 861 3493 E
880 3443 975 3493 oontm
991 3437 1125 3492 Phliantis
1142 3438 1293 3493 memoriam

210 3519 304 3585 quanti
328 3525 506 3590 posteriorum
531 3528 628 3594 religio
652 3526 860 3589 existimaverit,
889 3528 933 3580 vel
956 3525 1020 3578 inda
1043 3526 1173 3593 cognosci
1198 3526 1294 3595 potest,

206 3607 280 3673 quod
296 3608 331 3660 ad
349 3613 500 3674 augendam
517 3613 605 3667 herois
622 3613 703 3679 hujus
721 3612 907 3682 antiquitatem
932 3611 1056 3666 nonnulli
1080 3611 1163 3666 etiarn
1185 3616 1295 3665 neuen

204 3691 290 3760 ipsius
315 3712 345 3749 sa
371 3695 496 3762 ignorare
518 3699 690 3767 simularent,
719 3700 873 3769 Bacchique
901 3716 963 3752 eum
992 3714 1028 3752 ex
1050 3698 1177 3768 Nympha
1207 3698 1296 3767 aliqu

205 3779 291 3835 filium
310 3783 441 3838 dicerent.
475 3788 549 3839 Inter
570 3800 639 3854 qnos
660 3786 742 3839 etiam
763 3788 897 3856 reperitur
920 3786 1041 3856 quisquis
1064 3791 1109 3839 est
1133 3784 1297 3853 &munti-

207 3883 298 3923 corum
323 3871 438 3941 scriptor
455 3888 480 3927 r.
499 3874 560 3926 192.
594 3873 652 3925 Nee
679 3889 732 3925 non
756 3874 909 3942 Stephanus
931 3876 996 3941 Byz.
1014 3878 1042 3926 et
1061 3872 1154 3927 Schol.
1170 3872 1296 3942 Apellen.

206 3955 293 4012 Rhod.
306 3961 328 4023 l,
343 3963 394 4015 115
412 3960 475 4013 ideo
493 3960 522 4013 in
539 3976 596 4013 rem
613 3965 731 4012 nostram
748 3960 862 4028 faciunt,
879 3976 940 4015 oum
958 3959 1032 4028 quod
1049 3958 1187 4012 tradidere
1205 3954 1296 4012 mauis

206 4056 304 4098 nomen
326 4042 500 4119 Χθονοφύλη
523 4049 557 4101 de
578 4046 679 4101 Bacchi
704 4046 783 4100 istius
809 4052 907 4100 natura
928 4044 1056 4099 chthonia
1079 4050 1164 4115 etque
1187 4044 1297 4100 heroine

206 4144 255 4182 nos
273 4133 368 4187 dubios
390 4151 498 4190 manere
521 4153 575 4190 non
599 4134 728 4204 patiatur.
762 4134 805 4186 De
822 4134 947 4187 Phliante
963 4131 1065 4187 Bacchi
1082 4132 1140 4187 tilio
1157 4131 1209 4189 etr.
1226 4132 1297 4187 Wet·

207 4216 303 4270 eteros
320 4236 429 4290 qnoque
451 4223 480 4276 in
498 4223 633 4279 andium.
651 4239 679 4291 p.
698 4221 750 4278 187
768 4226 825 4274 not.
843 4223 871 4275 8.
893 4233 897 4241 ’
