2798 4672
171 226 313 298 98'

152 421 153 425 ’
171 405 337 496 probrium
357 407 414 472 vix
429 412 553 472 tantam
566 404 709 496 encitare
726 402 990 492 indignationem,
1011 412 1340 496 tantosque-morere

171 509 405 602 spectatoribus
435 496 608 578 cachinnos
638 509 759 597 potuit,
792 533 890 599 quam
921 511 996 577 viva
1023 509 1132 602 aliqua
1159 532 1341 601 corporeae

172 615 310 684 mendae
328 616 544 699 adumbratim
572 639 652 706 quas
674 617 757 681 inter
777 615 890 681 rutilus
914 619 1045 708 aerique
1067 616 1215 683 assimilis
1237 615 1339 707 capil-

172 721 279 789 lorum
298 721 388 789 color
409 745 475 791 non
497 722 707 815 injucundam
729 721 885 810 praebere
912 724 1017 811 potuit
1039 724 1165 790 comico
1186 723 1339 812 penicillo

173 829 357 918 imaginem.
401 829 536 897 Accedit
556 837 724 919 praeterea
747 826 826 909 hoc,
857 829 959 918 quod,
990 851 1067 896 cum
1088 828 1240 920 Πνῤῥίαι
1269 829 1340 921 ple-

174 956 311 1026 rumque
332 931 476 1003 Thraces
497 943 692 1001 vocarentur
713 933 850 1017 servuli,
882 934 1008 1001 nmini
1030 958 1068 1002 ac
1090 937 1269 1020 vaferrimi,
1282 958 1340 1005 uc

173 1041 238 1117 hoc
260 1040 390 1132 quidem
411 1041 541 1106 nornine
559 1043 654 1133 jocus
677 1062 743 1107 non
764 1049 888 1132 pungat
900 1040 1117 1122 Timotheum,
1140 1050 1177 1108 ut
1197 1043 1256 1132 qui
1275 1041 1340 1111 hoc

173 1149 245 1237 ipso
267 1155 413 1234 tempore
435 1145 520 1234 apud
543 1145 758 1214 Macedonum
779 1169 874 1236 reges
902 1147 1041 1238 hospitio
1065 1157 1223 1237 exceptus
1246 1149 1341 1217 nobi·

175 1252 296 1321 lissimo
319 1261 580 1318 commoraretur.
604 1251 669 1318 cfr.
691 1250 796 1320 Lehrs
819 1253 965 1339 Quaestt.
987 1253 1069 1344 Epp.
1090 1262 1120 1344 p.
1133 1255 1185 1336 20,
1200 1255 1253 1322 21.
1276 1262 1292 1307 ’-
1322 1296 1326 1305 -

212 1409 215 1413 .
260 1359 309 1425 Ab
332 1356 394 1424 hoc
417 1355 589 1424 Timotheo
613 1358 848 1426 secernendum
876 1359 1038 1426 tibicinem
1068 1383 1142 1427 esse
1164 1370 1241 1451 post
1261 1360 1339 1430 Ret-

175 1467 303 1534 nesium
330 1463 372 1531 ad
398 1463 489 1530 Suid.
507 1461 527 1530 l.
544 1462 565 1532 l.
586 1462 734 1555 plerique
764 1473 972 1546 annotarunt,
991 1465 1147 1532 'indicatis
1177 1466 1273 1535 simul
1290 1469 1338 1535 iis

177 1677 231 1745 De
253 1675 425 1744 Timotheo
459 1678 584 1743 comico
614 1700 644 1743 v.
667 1673 805 1743 Meinek.
826 1674 875 1757 ΠΙ,
896 1699 927 1767 p.
944 1677 1008 1745 589
1031 1700 1100 1768 sqq.
1123 1677 1339 1771 ·-=·Dcnique

176 1786 259 1850 inter
285 1781 501 1872 Dionysiacos
531 1781 668 1849 artifices
697 1782 883 1849 referendus
911 1792 962 1850 est
990 1783 1180 1851 Timotheus
1209 1784 1339 1876 Zacyn*

177 1889 261 1958 thius
282 1889 391 1980 quode
414 1887 524 1957 Schol.
546 1889 588 1957 V.
612 1889 654 1957 ad
675 1887 775 1979 Soph.
799 1889 849 1980 Aj.
871 1889 935 1955 863
956 1891 1256 1981 inspiciendus'est.

262 1997 459 2087 Ceteroquin
492 1996 533 2062 de
563 1995 725 2062 Timothei
753 1998 820 2062 vita
854 2003 921 2061 tam
948 1997 1022 2063 trita
1048 2005 1125 2063 sunt
1151 1998 1259 2079 omnia
1291 2009 1338 2081 ut,

177 2128 260 2196 quae
281 2105 466 2194 nuperrime
489 2102 620 2169 demum
641 2103 767 2170 recoxit
786 2101 889 2191 magis
906 2125 1003 2192 quam
1019 2102 1185 2194 recollegit
1197 2103 1338 2195 Bippar-

176 2221 228 2279 tue
249 2211 326 2277 satis
349 2211 412 2274 sint
433 2208 536 2276 semel
558 2209 738 2280 decantata.
780 2207 914 2274 Juvabit
939 2217 1048 2275 tamen
1074 2207 1157 2275 haec
1187 2219 1257 2276 tum
1279 2234 1337 2279 au-

175 2317 245 2406 geri
265 2323 335 2379 tum
356 2313 519 2379 emendari
542 2315 591 2392 iis,
613 2314 748 2401 quaein
771 2310 875 2376 Anall.
897 2311 1014 2383 Alexx.
1036 2335 1067 2399 p.
1086 2313 1149 2377 225
1164 2336 1210 2400 sq.
1254 2315 1338 2385 Mei.

174 2420 302 2501 nekius;
324 2419 357 2483 in
379 2417 504 2485 Annali.
528 2418 607 2485 critt
630 2415 738 2482 Berol.
761 2415 844 2480 1843
865 2438 907 2481 m.
928 2416 994 2482 Jul.
1038 2416 1285 2507 Marquardtius,
1306 2432 1338 2490 et

173 2529 207 2594 in
234 2525 360 2592 Nuncc.
388 2520 508 2587 Erudd.
533 2520 674 2610 Gotting.
697 2543 728 2610 p.
750 2520 833 2587 1393
855 2544 924 2611 sqq.
953 2521 1128 2611 disputavit
1155 2523 1336 2596 Schneide-

173 2633 287 2699 winus.
339 2625 504 2696 Nonnulla
538 2626 624 2694 dabit
656 2627 717 2693 Od.
746 2625 920 2693 Muellerus
946 2630 980 2695 in
1006 2626 1156 2697 Doriens.
1185 2631 1284 2707 Torn¹
1298 2633 1336 2710 Π,
1367 2678 1372 2697 .

172 2763 203 2829 p.
216 2737 281 2803 316
294 2734 343 2801 ed.
358 2730 562 2800 Schneidew.
605 2731 729 2800 Licebit
749 2734 846 2822 igitur
860 2757 947 2801 nunc
961 2734 1123 2803 Timothei
1138 2736 1334 2826 perlustrare

173 2844 351 2911 carminum
373 2837 521 2928 reliquias
544 2840 576 2905 in
600 2838 713 2929 quibus
737 2861 811 2906 cum
833 2839 1023 2931 colligendis
1038 2851 1107 2909 tum
1124 2845 1333 2916 emendandis

174 3015 375 3038 μ..-

209 3121 245 3188 ³⁹)
263 3123 336 3174 luter
353 3119 402 3171 bos
419 3121 494 3172 locos
508 3116 609 3187 Diphili
627 3116 723 3172 comici
741 3124 805 3171 sunt
819 3119 904 3186 Bigae
918 3120 989 3188 apud
1004 3120 1101 3174 Athen.
1113 3125 1181 3192 XlV,
1195 3142 1220 3193 p.
1232 3124 1286 3182 657
1300 3126 1331 3181 li.

240 3208 381 3276 ἕχηνίσας,θ
397 3207 510 3258 ποιοῦσι
524 3205 605 3259 τοῦτο
623 3201 723 3264 πάντες
740 3206 769 3257 ol
783 3203 788 3276 Ι
803 3203 880 3276 παρὰ
900 3210 1031 3277 Τιμοθέῳ
1055 3211 1128 3263 unde
1153 3228 1207 3264 non
1230 3211 1333 3280 impro-

241 3296 356 3347 babilem
375 3293 455 3346 nobis
470 3294 561 3346 facero
579 3294 761 3360 conjecturam
780 3293 858 3359 licet,
882 3310 998 3362 quanam
1014 3296 1133 3350 inflando
1152 3298 1218 3351 tabia
1236 3294 1335 3353 'er

240 3381 318 3433 them
336 3378 389 3430 isto
406 3379 535 3448 imprimis
554 3381 722 3434 excelluerit.
756 3382 847 3450 lnquit
864 3382 996 3437 comicus:
1021 3381 1149 3454 ἒχήνισας
1166 3386 1192 3440 b.
1212 3403 1237 3438 e.
1251 3386 1335 3453 'gin-2

240 3463 445 3533 grivistinc‘l
478 3471 501 3519 A
519 3467 639 3535 gingritu
656 3472 747 3521 autem
764 3485 845 3537 qnam
864 3485 954 3522 vocem
975 3471 1009 3522 do
1021 3487 1146 3525 anserum
1159 3474 1333 3549 clangoribus

240 3556 352 3622 rasurpat
367 3551 510 3619 Arnobius,
535 3552 676 3621 gingrinae
702 3554 784 3607 tibiae
808 3561 872 3609 sunt
895 3555 997 3622 dictae,
1030 3556 1142 3611 Graecis
1166 3548 1331 3634 γίγγραντες

240 3640 410 3702 nominatae,
434 3640 468 3691 de
493 3640 591 3708 quibus
616 3646 723 3710 praeter
746 3640 869 3694 solinum
893 3659 917 3695 c.
937 3644 959 3693 V
977 3650 1005 3695 et
1026 3645 1139 3698 Festum
1165 3646 1219 3715 (ex'
1242 3648 1331 3703 restit.

238 3730 365 3794 Salmas.)
384 3744 410 3796 p.
430 3728 464 3782 87
483 3729 544 3794 tege
562 3727 711 3796 Amphidis,
733 3742 769 3779 ex
786 3728 961 3794 Ditbyrambo
979 3729 1073 3783 sabula
1090 3748 1199 3786 versus-a

336 3819 371 3866 A.
404 3809 475 3883 Ἐγώ
494 3812 526 3865 δὲ
544 3809 593 3868 τὸν
610 3818 764 3883 γίγγραντα
783 3811 831 3869 τὸν
852 3810 1024 3884 σοφώτατον.

334 3906 367 3953 Β.
408 3905 455 3959 Τίς
473 3895 501 3951 d‘
529 3895 585 3953 ἐστ’
610 3897 775 3969 ὀγίγγρας;
797 3907 832 3955 A.
867 3897 976 3956 Καινόν
998 3899 1134 3974 ἐξεύρημά
1151 3924 1178 3960 τι

401 3984 543 4058 ἡμέτερον,
562 3981 579 4041 δ’
596 3981 703 4056 θεάτρῳ
720 3986 774 4058 μὲν
792 3983 969 4042 οὐδεπώποτε

402 4071 502 4132 ἔδειξ’·
521 4070 668 4144 Ἀθήνῃσιν
685 4072 718 4126 dl
736 4077 975 4146 κατακεχρημένον

401 4161 432 4215 ἐν
444 4165 610 4232 συμποσίοις
627 4153 690 4227 ἤδη’
710 4162 782 4212 στίν·
801 4159 910 4225 (Athen.
922 4164 966 4228 vt,
977 4179 1004 4229 p.
1014 4163 1066 4218 m
1077 4164 1126 4229 F.)

236 4251 329 4314 Inepte
348 4246 374 4298 in
394 4246 496 4313 Diphili
514 4251 575 4302 toco
592 4255 656 4301 ante
673 4246 837 4301 Meinatiurn
855 4249 1009 4312 legabatur!
1032 4247 1190 4316 ἐχηνίασας.
1209 4278 1245 4293 ·-
