2798 4672
159 237 235 311 184

157 427 266 485 tamen
288 437 363 482 cum
383 415 455 504 ipso
478 411 729 481 etDablmanno
748 414 789 480 de
812 413 963 503 primord.
986 421 1019 480 et
1040 434 1124 480 suec.
1147 420 1212 480 vet.
1234 434 1322 483 com.

157 522 273 590 Athen.
297 530 357 589 cet.
379 519 475 587 Hafn.
501 521 593 585 1811.
615 542 688 610 pag.
702 520 743 586 31
771 519 896 588 Naelrio
919 517 1059 586 Choeril.
1082 543 1112 610 p.
1129 519 1177 585 12.
1206 520 1323 591 ,Pina-

159 652 237 719 gero
266 628 286 694 l.
308 627 329 694 l.
352 649 382 716 p.
405 627 456 693 22.
495 624 651 692 bluellero
680 625 766 694 Dor:
786 625 822 708 ll,
843 650 874 717 p.
896 626 968 691 359.
1009 624 1182 693 Welckero
1213 626 1320 694 Addit

159 758 191 826 p.
204 737 268 800 276
291 744 322 800 et
343 730 502 800 Friebelio
526 730 566 797 de
589 730 694 820 Satyr.
716 731 828 798 Dram.
840 754 871 821 p.
884 733 988 799 2-11
1013 732 1063 799 ed.
1085 730 1224 799 Larsow
1245 730 1325 799 mihi

162 841 327 922 convenit,
355 839 515 904 immerito
544 861 634 921 eam,
658 860 741 928 quae
771 847 884 928 postea
910 839 958 904 sic
985 839 1121 920 auditit,
1149 839 1325 928 satyricam

160 947 275 1038 poesin
298 969 317 1011 a
338 941 499 1012 nonnullis
522 943 599 1033 poni
619 945 887 1026 vetustissimam3
911 946 1003 1035 cujus
1025 945 1054 1010 si
1076 946 1146 1036 quis
1158 944 1325 1011 Pratinam

163 1052 295 1119 demum
314 1060 480 1117 auctorem
502 1049 607 1131 faciet,
629 1072 695 1116 non
717 1049 853 1117 multum
876 1072 993 1116 avaro
1018 1049 1184 1117 aberrabit.

248 1155 308 1222 His
328 1157 425 1246 igitur
447 1157 643 1244 argumentis
664 1157 812 1239 innitens,
834 1154 1126 1244 dithyrambum
1147 1156 1186 1223 in
1206 1154 1326 1223 ltalia

165 1270 293 1328 ortum
315 1261 360 1326 ab
382 1263 531 1328 Arione
552 1263 589 1328 in
613 1261 824 1330 Graeciam
854 1261 1222 1343 translatumesse,
1244 1261 1327 1329 arbi·

82 1400 85 1405 ·
164 1375 246 1432 tror:
268 1389 331 1457 quo
354 1366 450 1433 simul
462 1365 693 1435 Lorentziil.c.
706 1369 791 1460 pm
812 1369 971 1434 sententia
992 1391 1126 1458 pessum
1146 1367 1251 1450 datur,
1265 1367 1327 1458 qui

164 1473 238 1539 vice
252 1496 347 1540 versa
361 1471 495 1562 lyricam
507 1475 705 1564 tragoediam
717 1497 792 1541 cum
803 1474 921 1539 Arione
933 1473 1110 1540 Tarentum
1125 1473 1328 1564 immigrasse

165 1588 280 1669 putatt
290 1583 328 1663 ⁵).
371 1580 417 1647 Ut
439 1580 524 1645 enim
541 1580 581 1646 de
596 1579 698 1668 lyrica
713 1579 768 1646 illa
784 1578 948 1668 tragoedia
969 1580 1073 1647 dicam
1091 1578 1168 1670 quid
1181 1580 1327 1660 sentiam,

167 1707 264 1774 quam
278 1685 438 1750 exstitisse
450 1695 578 1775 praeter
592 1684 903 1752 God.Hermannum
914 1683 1009 1751 hodie
1022 1686 1259 1777 vixquisqusm
1269 1708 1328 1753 ne-

167 1798 224 1878 gat
236 1791 296 1873 u),
313 1812 351 1856 ea
364 1789 441 1855 mihi
456 1813 475 1857 a
490 1790 689 1879 dithyrambo
705 1815 770 1857 non
785 1791 922 1857 multum
937 1791 1064 1858 videtur
1079 1791 1206 1858 diversa
1218 1790 1328 1871 fuisse,

168 1895 315 1984 quamvis
336 1897 420 1962 inter
441 1905 613 1985 utrumque
635 1919 765 1963 carmen
783 1900 860 1964 satis
880 1898 1068 1964 discriminis
1084 1897 1272 1978 interfuerit,
1292 1904 1329 1963 ut
1385 1924 1388 1929 ·

168 2009 237 2079 tum
265 1999 456 2091 dithyrambi
484 2004 703 2069 inventionem
724 2005 834 2071 Arioni
855 2026 950 2071 nemo
981 2003 1115 2071 auderet
1135 2002 1330 2094 abjudicare,

168 2115 238 2173 tum
258 2117 333 2198 post
354 2106 628 2197 dithyramborum
650 2110 747 2176 etiam
767 2112 870 2200 magis
892 2110 1060 2200 magisque
1076 2108 1330 2177 invalescentem

169 2234 266 2279 usum
282 2212 383 2301 lyrica
396 2213 562 2303 tragoedia
583 2237 686 2305 aeque
701 2238 738 2283 ae
755 2214 973 2304 dithyrambus
992 2225 1147 2306 tanquam
1162 2215 1329 2305 proprium

169 2340 208 2385 ac
222 2321 401 2408 perlectum
418 2321 595 2385 carminum
612 2343 714 2409 genus
732 2331 871 2388 aetatem
887 2320 1002 2404 tulerit,
1020 2346 1126 2413 neque
1147 2330 1226 2388 tunc
1237 2340 1330 2411 pror-

169 2447 225 2490 sus
247 2423 368 2491 aboleri
388 2424 581 2514 neglegique
602 2435 722 2514 posset,
744 2449 819 2493 cum
842 2451 884 2494 ex
906 2426 1143 2516 dithyrambicis
1162 2425 1331 2495 cantilenis

165 2529 357 2620 jamdudum
378 2530 523 2597 ordinata
546 2540 593 2612 et,
625 2555 707 2623 quae
734 2542 850 2623 postea
877 2535 924 2601 sic
944 2534 1073 2625 proprie
1095 2530 1234 2612 audivit,
1263 2540 1331 2599 tra·

175 2672 375 2690 m

209 2751 219 2779 ‘t

222 2752 244 2818 ⁵)
261 2752 406 2807 Lorentzio
431 2753 555 2807 assentiri
580 2753 687 2808 ridetur
708 2755 759 2809 Ad.
780 2755 898 2809 Schoelt.
922 2757 957 2808 do
977 2756 1047 2823 orig.
1065 2757 1112 2811 Gr.
1130 2757 1222 2810 Dram.
1239 2771 1271 2824 ps
1284 2755 1331 2811 28.

242 2872 302 2905 ,,-
316 2840 430 2896 Memini
448 2841 557 2909 quidem
572 2840 629 2907 jam
654 2841 726 2895 circa
744 2832 929 2910 Olympiadem
953 2841 1185 2912 quadragesimam
1202 2841 1331 2899 saonem

240 2927 473 2994 Methymnaeam,
505 2928 567 2981 novi
592 2927 818 2994 dithyramborum
843 2927 950 2994 generis
977 2934 1129 2995 auctorem,
1157 2928 1277 2983 Siciliam
1303 2932 1332 2981 et

240 3014 345 3068 Italiam
363 3015 518 3068 nominatim
537 3016 686 3068 Tarentum
710 3014 836 3083 petiisse,
865 3031 917 3067 nec
942 3013 1068 3081 exiguam
1089 3015 1153 3068 inde
1175 3014 1241 3069 artis
1264 3030 1332 3067 tuac

241 3104 392 3156 mercedem
410 3107 572 3171 asportasse,
590 3103 639 3155 sed
656 3101 707 3154 boc
725 3102 848 3168 exemplo
867 3103 1051 3155 tantummodo
1069 3103 1225 3169 edocemur,
1249 3116 1331 3169 quarn

241 3194 346 3241 mature
363 3188 391 3241 in
410 3189 451 3241 his
469 3190 547 3243 terris
565 3189 655 3256 magni
679 3186 820 3241 aestimata
844 3187 880 3239 sit
897 3186 1031 3242 musica.”
1065 3189 1138 3241 Tum
1154 3187 1266 3254 Badius,
1282 3186 1331 3256 qui

239 3273 312 3326 inter
334 3275 388 3327 alia
410 3275 478 3328 mira
499 3293 531 3330 ac
554 3291 682 3345 perversa
708 3276 742 3326 de
768 3273 934 3340 dithyrambo
964 3280 1127 3342 commenta,
1153 3274 1223 3328 haec
1247 3273 1332 3328 habet

239 3359 302 3415 bist.
322 3363 370 3415 Gr.
388 3363 468 3417 Poes.
487 3365 567 3416 Tom.
585 3366 619 3426 11,
637 3381 665 3432 p.
683 3364 746 3418 372.
781 3364 887 3424 „Dicae
909 3364 985 3414 Seite
1009 3364 1058 3415 der
1074 3361 1236 3415 aesomnes
1253 3363 1332 3415 nett-

240 3449 303 3513 91111
320 3450 407 3515 fusste
425 3451 553 3504 vietaaebr
569 3453 654 3504 Arion
672 3452 730 3519 aas,
747 3447 859 3501 welches
876 3448 905 3499 ia
919 3448 1078 3515 Metbpmnn
1095 3451 1154 3501 dem
1164 3449 1330 3516 Hasptn'tse

242 3534 290 3584 des
306 3535 467 3589 Lesbtsoben
491 3538 750 3603 Dionysos-liuttere
775 3534 891 3603 patarea
914 3536 969 3586 111111
992 3551 1126 3603 erzopea,
1151 3534 1208 3588 stab
1229 3537 1259 3587 111
1281 3536 1331 3587 der

242 3621 328 3688 Kroft
345 3625 435 3677 seiaer
451 3625 538 3677 Jatre
560 3625 628 3676 narb
650 3625 710 3674 dem
727 3624 937 3690 Peloponnesos,
960 3624 1063 3675 Italica
1084 3624 1138 3674 aad
1154 3622 1268 3673 Siciliae
1279 3620 1332 3673 be-

241 3707 293 3775 pab
319 3712 374 3761 aad
399 3711 462 3763 dart
485 3719 567 3764 anter
593 3712 645 3762 dea
670 3711 786 3763 Dortern
815 3710 864 3760 der
884 3711 1047 3775 Beprr'tader
1070 3711 1118 3763 der
1138 3706 1331 3774 ntonpmctn

239 3798 507 3863 Festliederwurde3
527 3799 570 3848 die
588 3802 722 3849 erzuerst
737 3803 818 3848 1111111·
835 3796 894 3846 dem
913 3795 1104 3848 oeott'scbea
1116 3796 1223 3847 Nomen
1233 3794 1331 3862 1111119-

242 3882 349 3934 rombus
367 3899 418 3935 voa
439 3885 592 3935 toazcadca
611 3883 826 3935 Mastaerctarea
849 3881 1059 3948 antistropbiscb
1076 3883 1142 3935 oder
1159 3881 1272 3948 opattam
1290 3878 1330 3951 (7)

242 3971 393 4023 durstettea
406 3972 501 4023 ltess.”
519 3999 554 4009 -
573 3969 646 4022 Satis
660 3968 747 4021 habeo
760 3969 831 4022 hunc
845 3971 933 4021 locum
946 3967 1120 4036 exscripsisse
1131 3969 1278 4036 integrum,
1296 3985 1331 4021 nc

242 4056 303 4123 quis
319 4056 349 4109 iu
367 4074 427 4126 sqq.
444 4060 598 4124 neglectum
616 4072 633 4108 a
650 4072 693 4108 me
710 4056 789 4110 Bodii
806 4057 903 4109 librum
922 4073 982 4110 esse
1001 4057 1106 4126 videns,
1123 4055 1257 4112 immerito
1273 4056 1332 4111 lac-

243 4147 300 4193 tum
317 4141 345 4193 id
364 4159 423 4197 esse
442 4144 572 4213 conqueri
589 4148 690 4212 posset.

210 4244 244 4309 ⁷⁶)
261 4246 292 4297 1..
310 4246 468 4312 Bergteinus
487 4252 576 4302 tamen
594 4247 773 4317 adstipulatur
789 4247 951 4300 Hermanno.
