2798 4672
169 241 242 315 162

165 431 279 489 natura
305 419 388 484 illius
416 416 570 486 bacchici
597 414 751 494 numinis,
780 411 866 500 quod
888 434 926 478 co
952 411 991 479 de
1021 434 1083 501 quo
1107 413 1226 499 agitur,
1254 433 1326 477 car·

165 528 288 593 minum
309 546 428 614 genere
451 521 605 588 celebrari
634 518 772 599 solebat,
806 540 901 608 quarn
928 518 1078 608 praemiis
1105 514 1328 607 symbolisque

87 619 89 626 ¹
154 618 198 699 ι10
220 622 319 699 sacris
348 629 493 720 ejusdem
524 627 662 707 usitatis,
691 647 757 691 non
783 623 867 689 levia
897 633 1085 712 argumenta
1120 624 1328 713 rationesque

167 737 334 805 deducam.

87 835 93 845 ’
252 842 319 909 Sed
339 848 484 905 revertor
505 838 546 905 ad
568 838 729 917 Arionem,
758 859 896 925 querna
919 837 1058 902 Tarento
1081 837 1262 926 profectum
1286 833 1328 901 ad

167 949 349 1015 Taenarum
370 944 625 1033 promontorium
648 940 808 1030 appulisse
832 940 981 1031 delphino
1004 952 1150 1033 vectum,
1177 964 1237 1031 per
1259 950 1329 1007 erat

166 1053 296 1143 vulgata
319 1050 441 1132 sabula3
474 1050 576 1138 poetis
603 1049 723 1138 pariter
745 1071 783 1112 ac
804 1050 967 1136 prosariac
990 1050 1140 1131 orationis
1162 1050 1327 1139 scriptori-

166 1162 226 1226 bus
262 1159 382 1224 allatim
415 1156 592 1221 decantata.
647 1152 773 1218 Pendet
806 1164 913 1220 autem
943 1154 1088 1245 ejusdem
1116 1165 1172 1221 aut
1199 1154 1329 1222 fabulae

169 1264 350 1354 explicatio,
372 1269 426 1326 aut
449 1261 476 1325 si
497 1261 572 1325 lacti
593 1259 696 1323 mavis
720 1260 939 1347 comprobatio
964 1284 982 1325 a
1004 1260 1102 1327 tribus
1125 1262 1329 1350 potissimum

168 1367 416 1462 quaestionibus,
436 1389 571 1455 quarum
593 1365 695 1453 prima
712 1364 751 1430 de
764 1365 890 1431 Arionis
906 1366 1075 1433 simulacro
1093 1390 1204 1448 aeneo,
1226 1366 1329 1433 altera

169 1476 209 1542 de
238 1470 409 1561 delphinis,
442 1474 535 1536 tertia
569 1470 705 1558 denique
738 1469 777 1535 de
804 1469 923 1560 hymno
952 1496 1049 1562 quem
1074 1473 1199 1539 Arionis
1226 1471 1327 1563 vulgo

168 1583 283 1661 lerunt,
301 1577 493 1658 versabitur3
518 1599 613 1665 quem
635 1577 667 1639 in
690 1575 1024 1643 modumWelckerus
1040 1580 1135 1645 etiam
1156 1581 1189 1647 in
1211 1579 1328 1647 Museo

167 1685 270 1752 Rhen.
291 1682 371 1747 1833
388 1681 569 1768 disputavit.
613 1681 661 1745 Ac
686 1680 725 1744 de
748 1683 839 1770 signo
865 1684 994 1770 quidem
1008 1686 1041 1749 in
1057 1684 1204 1751 Taenaro
1220 1686 1327 1774 posito

168 1789 260 1857 multi
279 1797 426 1854 vetorum
454 1785 664 1865 tradiderunt,
695 1809 832 1873 quorum
861 1789 1007 1855 ordinem
1035 1791 1121 1856 ducit
1141 1790 1327 1859 Herodotus

167 1896 260 1979 1,.24
295 1895 351 1958 καὶ
370 1887 527 1977 Ἀρίονὸς
547 1890 618 1955 ἐστι
641 1885 809 1975 ἀνάθημα
830 1897 970 1977 χαλκίον
992 1892 1033 1959 οὐ
1053 1897 1139 1985 μέγα
1160 1897 1216 1965 ἐπὶ
1241 1899 1328 1961 Ται-

168 1998 267 2089 νάρῳ,
289 2001 344 2063 ἐπὶ
365 1998 556 2084 (101φῖ0ος
541 1995 644 2061 areola
669 1993 863 2123 0101ρο000
906 2000 1059 2067 Succedit
1081 2003 1257 2103 Pausanias
1279 2002 1329 2085 Ill,

167 2110 258 2190 20,
241 2133 271 2174 0.
303 2100 574 2190 ἀναθήματαδὲ
560 2100 682 2171 actara
703 2106 737 2168 τέ
760 2105 850 2169 ἐστιν
872 2105 907 2168 ἐν
933 2080 1087 2197 Tarvoipp
1114 2096 1170 2173 zai
1197 2105 1327 2197 Ἀρίων

168 2210 187 2280 ὁ
216 2210 427 2301 κιθαρῳδὸς
437 2210 594 2296 χαλκοῦς,
624 2211 678 2275 ἐπὶ
708 2212 871 2299 ὃελφινος.
920 2213 1004 2281 Ρ101.
1027 2216 1139 2304 Syrnp.
1162 2238 1188 2281 c.
1212 2214 1328 2284 XVIII.

167 2321 292 2387 Aelian.
315 2319 354 2384 H.
377 2319 415 2383 A.
444 2317 513 2397 XII,
532 2317 584 2382 45.
632 2316 697 2382 Dio
728 2317 948 2406 Chrysostom.
979 2331 1056 2385 orat.
1085 2319 1251 2386 XXXVII
1273 2318 1334 2404 (ll,¹

170 2428 233 2492 102
249 2423 368 2508 Reisk.)
409 2422 517 2490 Schol.
546 2423 671 2489 Tzetzis
701 2423 807 2490 Cram
834 2425 954 2491 Anecd.
984 2425 1089 2491 Oxon
1117 2424 1165 2505 lll,
1192 2448 1223 2514 p.
1250 2425 1328 2493 352.

168 2533 327 2619 Anonym.
350 2554 399 2620 ap
424 2529 518 2595 eund
542 2529 634 2595 Tam.
648 2527 699 2594 Ill
688 2552 741 2618 ,.p
754 2531 826 2594 222.
857 2528 939 2595 Gell.
954 2529 995 2596 N.
1011 2529 1047 2595 A.
1064 2529 1153 2612 XIV,
1170 2533 1218 2597 19.
1247 2532 1329 2599 Ser·

168 2638 239 2702 vius
270 2636 310 2702 ad
337 2636 426 2724 Virg.
455 2634 523 2701 Ecl.
546 2633 627 2700 XIII.
672 2634 736 2699 Clr.
760 2634 918 2701 bleursius
940 2634 1030 2701 hlisc.
1052 2633 1173 2703 Lacon.
1195 2636 1250 2718 lV,
1276 2640 1326 2704 ll.

168 2765 199 2832 p.
212 2744 273 2808 291
298 2766 366 2832 sqq.
409 2741 519 2830 ltaque
550 2739 735 2830 hujusmodi
763 2741 891 2830 signum
920 2740 1132 2830 „delphinum
1152 2742 1328 2811 vehentem

170 2859 202 2914 ct
229 2848 392 2914 hominem
423 2847 637 2913 insidentem'’
672 2845 811 2913 Taenari
843 2849 941 2915 luisse
976 2858 1067 2915 extra
1097 2848 1327 2917 dubitationem

166 2956 308 3043 positum
331 2953 472 3035 videtur3
506 2975 702 3043 quamquam
732 2977 750 3018 e
778 2954 1007 3021 recentioribus
1033 2953 1326 3044 Stephanopolides

167 3061 279 3127 fratres
312 3061 413 3125 doctis
443 3059 567 3148 lupinos
596 3058 737 3125 vendere
764 3082 823 3147 pro
851 3083 925 3125 aere
955 3058 1096 3125 voluisse
1123 3061 1200 3125 satis
1216 3060 1328 3127 evicit

167 3166 280 3233 Manso
302 3167 336 3231 in
357 3173 595 3255 programmate
610 3163 754 3230 Wratisl.
774 3165 866 3230 1831.
909 3166 1048 3244 „Ucbcr
1063 3169 1115 3233 dic
1129 3165 1326 3233 Maiaotten

167 3273 219 3337 die
240 3272 509 3339 ocrmeintlicben
531 3270 775 3355 Atttmmttape
796 3271 856 3337 dor
876 3270 1091 3356 Spartoacr”
1113 3295 1146 3357 p.
1166 3278 1220 3339 15.
1263 3268 1325 3337 Ni-

165 3376 281 3442 mirum
302 3378 354 3442 isti
379 3378 412 3443 in
431 3376 512 3443 libro
543 3375 684 3465 quodam
708 3375 937 3457 famosissim03
970 3379 1022 3442 cni
1049 3375 1175 3443 titulum
1200 3376 1325 3444 indide-

163 3491 252 3549 runt:
274 3482 412 3572 Voyage
434 3483 474 3549 de
494 3481 593 3547 Dimo
615 3490 647 3545 01
668 3478 783 3547 Nicolo
806 3481 1038 3573 Stephanopoli
1060 3507 1101 3549 00
1117 3481 1221 3551 Grece
1241 3506 1324 3571 pea-

165 3587 242 3654 dant
261 3586 309 3654 les
333 3589 453 3655 anne'es
474 3587 506 3654 V
529 3595 562 3652 et
581 3584 635 3666 Vl,
658 3584 678 3649 *a
698 3582 846 3652 Londres
870 3589 954 3653 1800
976 3593 1006 3673 (a
1027 3590 1119 3655 Paris
1139 3587 1218 3655 cher
1238 3588 1324 3655 Bes-

163 3716 238 3776 son,
271 3693 490 3761 Prudhomme
519 3700 551 3758 01
579 3690 730 3779 Dugour)
752 3701 899 3757 narrant:
932 3694 1051 3776 „alteri
1079 3717 1154 3761 cum
1183 3693 1325 3761 Taenari

161 3809 308 3867 versatus
331 3802 381 3882 sit,
402 3797 481 3863 duas
503 3805 647 3886 repertas
671 3819 743 3862 esse
758 3807 879 3865 statuas
894 3800 1026 3889 insignis
1042 3800 1219 3881 vetustatis,
1240 3822 1322 3890 qua·

160 3926 232 3971 rum
254 3904 353 3971 altera
374 3903 539 3971 hominem
558 3901 662 3991 lyram
675 3902 866 3992 pulsantem,
888 3902 989 3970 altera
1002 3906 1154 3972 seminam
1168 3903 1320 3995 pharetra

160 4009 311 4079 decoram
333 4017 622 4101 repraesentasset3
649 4030 754 4097 neque
778 4009 927 4089 dubitare¹
943 4033 1016 4077 sese
1038 4009 1220 4091 affirmant,
1240 4012 1321 4101 quin

159 4116 219 4183 viri
236 4117 377 4204 imagine
389 4118 465 4184 Ario
489 4138 661 4208 expressus
683 4116 733 4196 sit,
756 4137 854 4204 quem
876 4114 1038 4204 appulisse
1053 4108 1216 4207 quondam
1231 4116 1318 4197 Tae-

156 4243 271 4289 narum
298 4225 460 4292 ncmincm
488 4225 597 4315 fugiat.
645 4220 731 4291 Nam
758 4221 997 4312 inscriptionem
1024 4243 1255 4311 neograecam,
1283 4224 1317 4293 in
