2798 4672
442 1340 524 1424 DE
564 1335 833 1424 pomino.

566 1588 716 1599 --—-n—·—-

62 1750 253 1872 yPimothci
277 1803 478 1869 adversarius
501 1800 656 1895 Polyidus
680 1801 753 1880 luit,
784 1810 880 1887 poeta
904 1812 935 1867 et
956 1800 1224 1892 ipse-dithyram-

61 1911 161 1977 bicus.
197 1908 309 1975 Athen.
332 1905 412 1986 VIII,
435 1926 464 1995 p.
481 1905 545 1969 532
568 1905 606 1970 B.
652 1903 830 1968 Πολυΐδου
858 1905 893 1969 δὲ
915 1907 1155 1992 οεμυυομέυου,
1181 1901 1227 1981 ὥς

61 2013 191 2096 ἐυὶκηοε
210 2009 383 2096 Τιμόθεον
405 2007 423 2076 ὁ
445 2010 608 2096 μαθητὴς
630 2007 735 2074 αὐτοῦ
752 2010 915 2089 Φιλωτᾶς,
934 2008 1133 2095 θαυμάζειν,
1152 2009 1226 2096 ἔφη,

62 2116 96 2186 εἰ
115 2121 244 2210 ἀγνοεῖ,
271 2110 323 2182 ὅτι
345 2115 445 2194 αὐτὸς
465 2119 526 2200 μὲν
548 2113 757 2202 ψηφίσματα
778 2122 882 2195 ποιεῖ,
910 2112 1079 2200 Τιμόθεος
1107 2117 1142 2180 δὲ
1172 2112 1228 2179 νό·

62 2250 159 2315 μους.
199 2225 346 2294 Nominis
369 2225 427 2291 viri
459 2222 605 2289 diversae
638 2224 670 2288 in
705 2246 766 2289 usu
793 2224 892 2290 luisse
920 2225 1042 2290 formae
1069 2222 1227 2289 videntur.

63 2333 162 2402 Audit
192 2333 276 2398 enim
301 2340 332 2397 et
354 2325 539 2406 Πολύιιὸος
562 2340 594 2396 et
616 2327 783 2406 Πολύϊδος
807 2338 839 2395 et
860 2330 1036 2408 Πολυΐδας
1063 2340 1094 2397 et
1118 2329 1230 2395 Πολυ-

64 2436 165 2518 attae.
210 2437 317 2503 Alium
341 2437 494 2503 artificem
512 2434 685 2525 Polyidum
703 2435 858 2502 habemus
879 2458 928 2526 ap.
945 2437 1129 2505 Vitruvium
1143 2435 1228 2503 Libr.

65 2545 133 2627 Vll,
164 2544 302 2611 Praelat.
332 2567 361 2634 p.
384 2544 444 2608 155
475 2542 524 2608 ed.
548 2543 584 2608 A.
608 2541 737 2624 Rhode3
769 2541 813 2623 X,
841 2545 881 2608 19
911 2544 965 2610 ubi
994 2566 1052 2636 pro
1084 2544 1230 2634 Polydus

67 2649 242 2720 Thessalus
265 2648 440 2738 legendum
462 2648 589 2714 videtur
611 2647 775 2736 Polyidus.
830 2650 978 2718 Occurrit
1007 2653 1103 2718 etiam
1124 2651 1230 2718 medi·
1368 2633 1371 2642 ¹

69 2781 126 2826 cus
155 2755 307 2845 Polyidus
338 2756 406 2820 sive
428 2754 601 2844 Polyeides
624 2755 709 2844 apud
737 2757 885 2824 Caelium
907 2757 1116 2824 Aurelianum
1138 2758 1230 2824 Acut.

70 2863 192 2932 lllorbb.
217 2861 264 2943 lll,
288 2862 316 2926 3.
343 2863 382 2926 18
404 2884 434 2950 p.
450 2863 520 2942 189,
542 2859 641 2943 111,5.
665 2863 706 2927 47
726 2886 755 2952 p.
773 2865 833 2930 198
855 2864 904 2930 ed.
927 2864 1106 2930 Wetsteen.
1163 2863 1233 2931 No·

71 2973 127 3037 stn'
149 2979 263 3061 poetae
286 2988 390 3057 paene
413 2967 549 3034 evanida
572 2970 728 3034 memoria
757 2981 821 3052 est,
853 2979 927 3036 sunt
954 2972 1039 3035 enim
1060 2991 1234 3059 perpauca,

72 3099 165 3167 quae.
183 3075 236 3142 hic
263 3073 327 3140 illic
358 3072 527 3164 colligere,
556 3097 598 3140 ne
621 3075 725 3142 dicam
753 3076 922 3143 corradere
943 3098 1030 3142 nuuc
1051 3097 1233 3164 possumus.

72 3182 101 3248 Ε
134 3181 362 3249 recentioribus
393 3203 431 3246 eo
466 3202 600 3247 munere
634 3183 733 3248 functi
761 3192 851 3249 sunt:
886 3183 971 3248 Petr.
1001 3178 1234 3272 Wesselingius

75 3289 116 3354 ad
139 3287 272 3356 Diodor.
297 3286 360 3352 Sic.
384 3284 473 3367 XIV,
495 3311 525 3378 p.
544 3289 615 3352 679.
666 3287 767 3355 Lilius
798 3287 959 3378 Gyraldus
987 3311 1060 3379 opp.
1085 3287 1177 3354 Tom.
1200 3287 1236 3372 ll,

76 3423 106 3487 p.
120 3395 192 3460 350.
237 3391 378 3481 Silligius
402 3391 505 3459 Catal.
529 3392 645 3460 Artific.
662 3417 692 3484 p.
704 3395 776 3461 378.
818 3394 1021 3462 Graelenhan
1044 3395 1084 3462 ad
1106 3397 1235 3462 Aristot.

75 3503 113 3568 A.
138 3501 174 3567 P.
201 3501 250 3581 lo,
273 3502 294 3564 9
316 3521 384 3588 sqq.
428 3498 605 3567 llIeinekius
627 3499 698 3567 hist.
723 3505 790 3568 crit.
813 3526 843 3593 p.
856 3502 927 3568 239.
973 3501 1013 3567 ll.
1039 3501 1174 3569 Bartsch
1196 3501 1237 3568 de

75 3605 247 3674 Chaercm.
277 3615 355 3696 trag.
385 3629 415 3694 p.
438 3607 486 3670 14.
544 3605 667 3675 Floruit
687 3607 842 3698 Polyidus
872 3611 957 3676 circa
980 3607 1108 3699 Olymp.
1131 3606 1238 3686 XCV,

79 3715 131 3779 cui
153 3715 289 3802 tempori
312 3715 493 3803 assignatur
516 3737 533 3777 a
555 3712 700 3781 Diodoro
723 3713 812 3798 XlV,
833 3716 884 3782 lo.
918 3711 1080 3799 ἤκμαοαυ
1096 3713 1132 3776 δὲ
1154 3710 1239 3775 κατὰ

81 3817 199 3883 τοῦτον
222 3816 280 3883 τὸν
301 3817 454 3886 ἐνιαυτὸν
476 3821 508 3884 οἱ
529 3816 768 3906 ἐπισημότατοι
792 3822 1083 3908 διθυραμβοποιοὶ
1102 3810 1239 3898 Φιλόξε-

81 3947 137 4002 νος
172 3924 363 4012 Κυθήριος,
399 3923 569 4012 Τιμόθεος
596 3924 778 4008 Μιλήσιος,
816 3930 975 4007 Τελέστης
1003 3920 1242 4004 Σελινούντιος,

82 4029 267 4108 Πολύϊδος,
296 4029 332 4110 ὃς
361 4037 417 4098 καὶ
440 4035 645 4122 ζωγραφικῆς
672 4038 728 4101 καὶ
757 4037 917 4122 μουσικῆς
949 4021 1031 4119 εἶχεν
1059 4031 1240 4121 ἐμπειρίαν.

82 4139 158 4208 Non
192 4142 260 4206 sine
292 4142 359 4207 veri
392 4143 499 4230 specie
528 4140 701 4209 Luetckius
736 4158 777 4210 c'x
804 4151 919 4209 vetere·
939 4143 1046 4231 ipsum
1072 4151 1241 4231 poetarum

84 4245 204 4313 lamilia
235 4256 340 4314 ortum
371 4247 468 4314 luisse
502 4249 696 4339 suspicatur,
729 4248 865 4317 innitens
896 4248 1076 4317 Pausaniae
1098 4246 1120 4328 1,
1147 4246 1242 4325 43,5
