2798 4672
175 269 225 342 56

175 448 506 542 quid÷·sibi.Galateae
528 449 683 540 tempium
703 447 803 516 vellet
823 472 841 514 a
864 447 1064 539 Polyphemo
1085 454 1218 538 propter
1245 445 1341 516 lactis

173 556 353 624 ubertatem
374 555 656 624 armentorummd
678 555 815 623 Aetnam
835 561 1059 624 consecratum
1080 552 1219 620 nesciret
1238 576 1340 622 exco-

174 662 296 750 gitasse
317 660 467 727 fabellam
486 663 581 728 istam
604 662 644 728 de
662 660 854 753 Polyphemi
875 670 972 751 atque
987 660 1145 727 Galateae
1166 660 1339 727 amoribus.

176 767 313 835 Tamen?
333 768 460 858 utrique
491 769 665 835 narrationi
691 770 770 834 lion·
785 768 915 848 desunt3
930 763 1030 856 ›quae
1057 768 1179 857 opponi
1205 767 1341 856 possint

175 871 492 963 Etenim-inprimi,
513 897 555 940 ne
576 873 807 965 multis‚-quae
829 873 870 940 de
890 873 1018 962 tyranni
1038 870 1342 939 caecitate-addun-

176 989 238 1060 tur,
258 981 455 1071 impugnem,
477 982 575 1046 mirus
597 981 742 1069 profecto
766 1003 859 1049 casus
881 977 1015 1060 tulisset,
1036 978 1064 1042 si
1078 986 1127 1043 tot
1141 998 1217 1045 cum
1231 999 1342 1044 rerum

177 1095 248 1171 tum
267 1084 676 1169 nominumsimilitudines
707 1094 772 1152 tam
798 1108 955 1177 prospere
974 1108 1010 1151 se
1031 1105 1097 1151 non
1118 1092 1185 1159 tam
1199 1081 1342 1157 ⁴obtulis-

176 1200 250 1258 sent
280 1200 411 1282 poetae,
440 1213 537 1280 quam
569 1191 886 1259 accommodassent.
898 1192 1004 1281 potius
1038 1189 1343 1280 submisissentque:

178 1295 213 1361 in
233 1297 401 1384 posteriori
422 1296 734 1387 vero·Bacchylides
755 1296 895 1387 aliquam
916 1297 1008 1363 nobis
1031 1295 1262 1362 dubitationem
1284 1320 1343 1364 ex·

178 1401 265 1483 citat,
288 1402 406 1493 quippe
429 1424 525 1493 quem
546 1403 653 1472 Natal.
676 1403 769 1471 Gom.
792 1402 891 1492 lllytb.
908 1399 999 1484 IX,8
1022 1404 1143 1485 (nescio
1166 1424 1254 1486 sane,
1277 1425 1342 1494 quo

180 1510 323 1594 auctore)
356 1508 495 1600 primum
525 1507 662 1576 Galatea
687 1508 892 1600 praedicasse
918 1505 1111 1598 Polyphemi
1138 1530 1181 1574 ex
1208 1506 1344 1576 Galatea

179 1625 374 1704 prognatum
395 1614 520 1680 referat.
564 1614 645 1682 Utut
667 1625 729 1697 est,
759 1613 912 1704 Cyclopis
936 1637 1013 1705 erga
1036 1612 1205 1681 Galateam
1224 1615 1259 1682 in
1279 1615 1343 1683 hoc

180 1721 321 1787 camnine
344 1743 535 1808 expressum
558 1744 702 1788 amorem
725 1746 806 1802 esse,
829 1720 1017 1811 lentmnque
1040 1720 1232 1787 desiderium
1253 1730 1341 1788 utra·

180 1848 243 1915 que
265 1828 425 1892 consentit
444 1829 599 1894 narratio:
622 1829 708 1895 unde
730 1829 835 1918 Toup.
859 1827 900 1894 ad
922 1825 1059 1893 Theocr.
1073 1823 1153 1907 XX,
1170 1826 1213 1891 25
1236 1824 1342 1910 (Tom.

178 1929 213 1998 ll.
235 1955 266 2022 p.
278 1932 342 1997 402
365 1932 414 2000 ed.
437 1933 553 2019 Wart.)
580 1934 710 2026 plenam
739 1935 981 2027 inscriptionem
1007 1933 1105 1999 fuisse
1134 1928 1346 1997 ΚΥΚΛΩΨ

179 2036 272 2104 ΚΑΙ
299 2039 547 2121 ΓΑΛΑΤΕΜ
567 2042 748 2132 suspicatus
778 2051 835 2108 est.
884 2041 965 2129 ¹Sed,
996 2063 1038 2107 ne
1068 2038 1108 2105 de
1136 2037 1228 2104 titulo
1250 2038 1343 2104 nobis

178 2141 370 2236 litigandum
391 2148 442 2229 sit,
463 2148 642 2216 Aristotelis
665 2149 783 2216 diserta
804 2132 903 2215 verba
924 2145 1164 2238 prohibuerunt.
1186 2145 1224 2210 A.
1247 2143 1285 2210 P.
1308 2140 1345 2225 ll,

180 2272 211 2339 p.
227 2253 266 2316 lb
289 2246 412 2335 ὁμοίως
435 2254 548 2318 δὲκαὶ
570 2258 645 2342 περὶ
666 2254 744 2331 τούς
765 2248 1001 2341 διθυράμβους
1029 2253 1086 2316 καὶ
1113 2247 1190 2324 τούςΙ
1209 2244 1346 2333 νόμους,

179 2351 225 2431 οἷς
244 2356 381 2441 Πέρσας
398 2360 459 2422 καὶ
481 2355 652 2423 Κύκλωπα
675 2363 733 2442 (sic
755 2359 841 2424 enim
855 2378 913 2444 pro
929 2350 1116 2428 Κύκλωπας
1127 2374 1153 2418 c.
1166 2351 1253 2417 Reiz.
1265 2350 1346 2442 leg.)

184 2456 355 2546 Τιμόθεος
375 2463 432 2527 καὶ
450 2460 627 2545 Φιλόξενος
647 2459 833 2549 μιμήσαιτο
854 2455 898 2524 ἄν
922 2482 981 2536 τις.
1022 2460 1071 2525 Ac
1094 2459 1134 2524 de
1154 2457 1249 2523 variis
1273 2459 1346 2548 qui·

180 2564 256 2651 dem
276 2569 439 2635 variorum
460 2579 637 2658 poetarum¹
652 2569 767 2635 fabulis
789 2568 920 2633 nomine
942 2559 1095 2651 Κύκλωψ
1116 2588 1142 2631 s.
1164 2561 1346 2642 Κύκλωπες

179 2671 336 2760 insignitis
366 2674 433 2763 egit
459 2673 576 2743 diserte
605 2674 732 2743 Friebel
758 2673 870 2740 Dram
900 2673 1006 2762 Satyr.
1028 2671 1156 2761 Fragm.
1178 2696 1209 2763 p.
1228 2671 1271 2737 64
1293 2671 1344 2738 ed.

179 2775 336 2860 barsam,
359 2803 554 2872 quamquam
576 2792 609 2848 et
630 2777 798 2850 Γαλατεύα
819 2782 992 2870 inscriptae
1013 2777 1140 2845 fabulae
1160 2776 1345 2844 ferebantur

182 2906 209 2949 e.
223 2906 253 2975 g.
275 2883 464 2954 Nicocharis
488 2890 526 2957 ei.
548 2888 684 2956 bleinelr.
697 2888 769 2954 hist.
783 2885 955 2977 cr.p.25²l.
978 2883 1121 2952 Alexidis
1145 2884 1184 2951 cl.
1207 2881 1343 2950 bleinek

180 2989 211 3057 h.
230 3015 257 3060 c.
279 3015 311 3082 p.
328 2993 392 3059 360
415 3003 475 3062 cte.
519 2995 645 3063 Tamen
667 3021 686 3062 a
707 2993 870 3062 veteribus
892 2993 1076 3083 promiscue
1098 3012 1184 3056 nunc
1212 2987 1249 3052 ἕν
1273 2983 1344 3055 Κύ-

179 3102 284 3168 κλωπι
304 3122 391 3168 nunc
413 3100 449 3166 ἐν
470 3100 639 3191 Γαλατείᾳ
660 3105 774 3169 citatur
794 3099 1065 3182 Ptnloxenusv).

252 3350 279 3401 p.
297 3335 341 3399 20,
360 3333 430 3401 „nisi
448 3337 519 3403 quod
541 3335 641 3408 Θούρις
657 3338 688 3390 Β.
707 3336 779 3405 quod
804 3332 925 3403 proxime
943 3333 980 3399 τῷ
1000 3333 1102 3400 Δοῦρις
1119 3328 1234 3383 accedit.
1270 3326 1344 3380 Libri

252 3435 345 3473 omnes
369 3413 478 3491 Odeis-'⁸
514 3423 586 3477 Huic
605 3426 666 3477 loco
689 3422 782 3477 similis
803 3429 845 3474 est
867 3422 939 3475 Plut.
959 3421 992 3472 de
1010 3418 1088 3485 Pytb.
1107 3419 1186 3470 Orac.
1207 3432 1231 3468 ο.
1248 3415 1345 3468 ΧΧΙΧ.

253 3507 281 3558 οἱ
304 3506 359 3577 μὲν
378 3499 435 3560 ὀὖν
462 3509 525 3579 περὶ
543 3505 678 3569 Γαλάξιον
703 3510 749 3577 τῆς
772 3511 908 3567 Βοιωτίας
934 3506 1123 3563 κατοικοῦντες
1147 3495 1269 3576 ᾔσθοντο
1296 3502 1345 3555 τού

251 3594 320 3647 θεοῦ
346 3589 549 3661 (Ἀπόλλωνος)
574 3592 622 3664 τὴν
649 3593 817 3667 ἐπιφάνειαν
843 3590 969 3664 ἀφθονίᾳ
996 3608 1024 3644 τε
1051 3591 1099 3643 καὶ
1125 3591 1272 3662 περιουσίᾳ
1293 3585 1345 3659 γύ-

252 3682 366 3740 λακτος·

486 3766 632 3839 προβάτων
649 3767 705 3839 γὰρ
724 3769 755 3822 ἐκ
773 3763 885 3821 πάντων
896 3760 1042 3833 κελάρυξεν

486 3852 522 3915 ὡς
540 3853 596 3910 ἀπὸ
614 3857 721 3925 κρανᾶν
739 3857 876 3924 φέρτατον
894 3847 970 3920 ὕδωρ

486 3939 587 3999 aalma
604 3939 686 4011 μάλα.

253 4032 365 4098 (Bergk.
383 4032 414 4084 P.
435 4033 467 4084 1..
486 4032 534 4085 Gr.
552 4049 579 4100 p.
598 4031 661 4082 aba.
688 4028 797 4082 Pindar.
814 4025 848 4079 ir.
868 4024 943 4089 150.)

220 4132 256 4200 υ)
275 4132 426 4186 Senioribus
451 4149 559 4203 quoque
589 4132 754 4202 temporibus
779 4127 905 4196 Cyclopis
929 4143 995 4194 erga
1014 4127 1155 4181 Galateam
1183 4125 1345 4180 desiderium

251 4218 409 4287 saepissime
428 4220 534 4274 mimica
552 4219 695 4274 saltatione
713 4232 869 4286 expressum
888 4218 938 4267 est.
970 4213 1006 4266 cf.
1024 4216 1089 4268 Hor.
1108 4215 1176 4283 ltpp.
1190 4216 1224 4282 ll,
1238 4217 1265 4267 2.
1284 4213 1345 4268 125.

253 4308 311 4361 Sat.
322 4307 343 4375 l,
354 4307 383 4374 5,
395 4308 440 4362 63.
453 4322 477 4362 ο.
490 4312 529 4364 nt.
540 4305 650 4363 Heindi.
672 4305 761 4361 Pollio
780 4302 897 4358 Gallien.
910 4302 979 4356 Vlll.
997 4299 1106 4368 vopisc.
1117 4298 1210 4355 Caria.
1221 4300 1292 4354 xlx.
