2798 4666
180 237 256 312 224

179 421 295 486 Zeiten
313 416 538 505 uriecleisclecr
557 415 709 511 Bilduay
737 416 771 481 in
801 415 863 482 den
885 415 1045 485 Famo‘lien
1073 412 1343 506 fcrlpflouztcu,

180 525 400 594 cenomania
422 523 542 611 Bezuy
563 520 635 611 crof
660 521 971 610 lycisci-musiscloe
991 524 1109 593 Kanai
1129 526 1165 592 in
1187 526 1253 593 den
1275 526 1343 595 Fo-

179 633 292 699 milien
320 632 378 697 deo
406 629 614 711 Simonides,
646 631 704 695 dee
731 628 952 716 Bacchylides
986 632 1059 697 urod
1088 632 1146 698 dcc
1173 630 1342 701 Pindum

180 737 328 807 deutlich
362 738 522 817 erlceant,
556 759 594 804 so
621 737 708 803 baron
744 756 780 800 es
811 734 982 803 durcloouo
1011 735 1104 804 aicit
1130 736 1341 827 lefremden,

180 869 274 913 coeam
295 845 420 911 Arione
448 843 552 911 Valeo
581 842 766 931 Kycleua
796 842 876 908 oder
905 841 1101 910 Kreisler
1129 843 1240 925 tatem
1269 854 1343 913 ent·

179 953 289 1020 weder
309 951 385 1019 weil
403 923 492 1017 maci
502 949 559 1017 ilm
581 950 634 1016 uls
656 949 752 1015 einen
770 955 877 1035 uutcn
899 947 1126 1017 liurodtc'inzer
1146 972 1210 1019 coa
1232 953 1342 1021 eeiner

179 1061 296 1126 Kurist
317 1079 354 1124 eo
376 1056 556 1136 tenuante,
577 1056 657 1123 oder
678 1053 754 1122 weil
773 1053 831 1120 ilm
852 1055 925 1121 scin
950 1054 1144 1123 Vates-zur
1166 1056 1342 1127 mitescit

73 1199 77 1204 ·
179 1166 282 1232 scloon
312 1161 419 1230 deret
446 1163 562 1229 seiacn
589 1159 724 1227 Numen
752 1159 920 1227 testtmmt
953 1160 1059 1229 licite.
1112 1161 1215 1231 Deua
1248 1186 1342 1233 wcnn

177 1271 285 1337 Arion
315 1268 402 1335 ouclo
429 1276 500 1336 eret
526 1291 574 1335 zu
600 1266 749 1334 Korintlo
776 1267 839 1333 don
867 1267 1342 1359 dithyrambiecla-cyclieclen

178 1376 266 1443 llloor
285 1372 485 1464 ouffiilorte,
508 1398 545 1443 so
566 1375 653 1442 wird
670 1396 749 1441 man
770 1373 991 1442 ccrmutlolicle
1012 1374 1096 1444 dccl
1116 1374 1222 1445 selon
1244 1376 1342 1465 lentae

176 1483 298 1550 voster
315 1479 387 1570 aas
396 1483 456 1548 der
473 1481 603 1549 locitrcn
617 1480 744 1547 Lesbos
756 1480 964 1549 tunctune
982 1478 1191 1571 oufyefiilrt
1201 1482 1341 1551 lalerffl

176 1588 211 1655 ln
235 1609 314 1678 quo,
346 1610 429 1677 quae
456 1585 496 1653 de
519 1585 642 1676 Cycleo
670 1587 780 1652 statuit
808 1588 858 1653 vir
886 1585 1118 1655 illustrissimus
1148 1586 1246 1657 facile
1266 1586 1341 1657 mibi

176 1694 350 1785 persuasit,
380 1715 463 1784 quae
490 1715 568 1760 vero
592 1691 633 1759 de
653 1690 777 1759 Lesbiis
800 1692 888 1759 addit
908 1691 1144 1778 saltationibus,
1174 1715 1255 1763 cum
1272 1694 1341 1789 ipse

178 1799 359 1866 dubitanter
381 1799 495 1865 effatus
520 1808 584 1881 est,
611 1808 680 1866 tum
703 1799 795 1866 nobis
822 1821 889 1887 non
912 1809 1003 1868 extra
1029 1799 1264 1869 dubitationem
1283 1824 1342 1895 po·

177 1908 249 1973 suit.
293 1905 427 1972 Fuerint
455 1905 541 1971 enim
566 1928 626 1996 per
653 1928 706 1971 me
733 1903 810 1973 licet
837 1904 927 1973 chori
952 1906 985 1972 in
1017 1905 1130 1974 orbem
1156 1908 1342 2001 compositi,

178 2011 447 2079 circumdederint
477 2010 523 2078 illi
552 2011 688 2080 deorum
719 2034 791 2079 aras
819 2009 998 2080 heroumve
1024 2011 1167 2081 tumulos
1195 2012 1343 2085 moulan

177 2116 317 2201 vinculo,
339 2126 449 2186 tamen
471 2115 590 2208 cyclias
613 2117 652 2185 ab
674 2119 712 2184 iis
731 2117 916 2186 saltationes
933 2118 1109 2211 descriptas
1124 2142 1199 2189 esse
1212 2122 1343 2191 minime

179 2224 324 2292 dixerim.
384 2223 668 2310 Quemadmodum
707 2225 792 2291 enirn
832 2247 895 2293 nec
928 2223 1050 2316 lyricae
1082 2226 1272 2318 tragoediae
1303 2226 1342 2297 de

180 2331 294 2424 quibus
316 2339 411 2398 antea
427 2330 503 2414 dixi,
525 2329 564 2397 ab
585 2330 711 2420 integro
735 2329 833 2398 choro
855 2330 915 2398 sed
937 2356 957 2398 a
978 2329 1196 2423 singulis¹¹²I
1217 2342 1342 2407 rmum

177 2438 339 2531 tragoedis
353 2437 578 2519 recitabantur,
601 2439 725 2504 cunetis
746 2438 883 2505 fortasse
904 2438 1066 2505 interdum
1086 2439 1342 2525 succinenh‘bus3

179 2547 227 2612 sic
256 2547 290 2612 in
322 2543 470 2612 saltando
506 2539 641 2610 chorum
672 2565 739 2610 non
772 2544 835 2610 nisi
868 2543 1062 2634 tripudiasse
1091 2542 1266 2613 verisimile
1294 2554 1343 2615 eet

180 2649 287 2737 (Hom.
308 2649 343 2718 II.
359 2647 475 2732 XVIII,
488 2648 564 2733 566)
587 2646 730 2740 singulos
752 2670 842 2731 vero,
874 2647 984 2717 electis
1005 2672 1109 2743 usque
1128 2650 1342 2743 peritioribus,

178 2780 266 2826 nunc
287 2757 443 2850 gravitate
466 2757 608 2846 corporis
630 2777 718 2823 nunc
738 2753 911 2823 velocitate
926 2779 965 2824 ac
976 2756 1181 2825 vehementia
1194 2768 1342 2829 motuum

178 2886 266 2932 nunc
302 2863 440 2954 denique
471 2863 627 2930 varietate
661 2885 701 2930 ac
735 2869 905 2930 venustate
935 2860 1110 2952 figurarum
1141 2862 1268 2935 artificii
1294 2864 1343 2935 rui

219 3124 267 3189 ¹¹²)
285 3122 453 3178 Schneidew.
471 3123 543 3190 Ibyo.
560 3139 589 3192 p·
600 3123 643 3179 57.
669 3121 786 3176 Boeckb.
805 3121 837 3176 G.
855 3124 879 3176 J.
898 3122 920 3190 1,
931 3139 959 3190 p.
970 3122 1033 3179 765.
1065 3124 1108 3176 Dc
1125 3122 1218 3191 lyricis
1236 3128 1342 3193 Ιπςοο·

250 3211 302 3264 diis
318 3210 449 3264 Plebnios
466 3210 495 3264 in
512 3210 653 3266 Lesbiaco.
671 3227 699 3279 p.
713 3210 765 3264 168
783 3208 849 3262 miro
866 3208 896 3262 in
914 3224 1005 3263 erroro
1022 3214 1154 3278 versetur,
1172 3226 1238 3265 cnm
1251 3226 1271 3265 ι
1284 3210 1341 3265 eolo

250 3299 333 3351 choro
350 3303 473 3352 cantatas
490 3303 582 3369 putet,
604 3297 744 3368 hypocrita
766 3313 820 3350 non
838 3296 964 3350 admisso.
999 3295 1155 3350 Koitbanue
1178 3314 1236 3352 non
1252 3298 1341 3369 hepta

250 3386 270 3436 l.
288 3386 307 3434 1.
324 3385 429 3451 12:111.
464 3388 521 3438 Eia
536 3386 642 3439 colaber
661 3384 734 3438 Cloe·
755 3400 824 3447 aaa,
847 3383 962 3436 wetcter
983 3383 1056 3437 otctt
1080 3382 1185 3437 sowott
1207 3401 1262 3439 uon
1285 3386 1342 3439 dn

251 3464 346 3526 dardis
362 3470 535 3524 mtertotteo
551 3474 657 3538 warde,
676 3473 719 3524 olo
736 3470 864 3524 oiclmelo·
880 3472 910 3523 in
927 3472 977 3523 der
993 3471 1070 3538 eino-
1084 3471 1138 3523 aad
1156 3472 1342 3541 laudatico·

250 3556 358 3624 Jooeud
372 3555 450 3622 jedes
466 3558 546 3610 Ortes
563 3558 687 3621 testona,
704 3557 816 3620 colloss,
833 3574 863 3610 so
881 3556 949 3610 deols
965 3556 1009 3610 iclt
1025 3559 1092 3610 mire
1108 3558 1284 3626 uenimus,
1300 3558 1342 3625 cll

250 3661 295 3697 um
312 3643 365 3694 den
382 3642 448 3694 oder
465 3642 507 3692 dic
528 3646 637 3697 Tdozer
655 3647 733 3697 einen
749 3647 846 3710 Kreis3
871 3645 929 3697 dies
945 3646 983 3696 ist
1007 3644 1057 3697 der
1073 3638 1162 3714 χορὸς
1177 3637 1291 3704 κύκλιος
1306 3640 1342 3711 (l)

250 3732 317 3786 eleo
333 3731 428 3783 dorum
445 3728 562 3796 teweotc
579 3729 637 3782 sict
653 3747 708 3782 nuo
726 3731 815 3784 dieser
831 3732 917 3784 rande
935 3730 1107 3799 Sdaoereleor
1124 3731 1179 3799 auf
1194 3732 1258 3785 etue
1272 3744 1343 3800 m

249 3816 372 3888 ciofocltc
389 3816 442 3869 Art
464 3813 554 3867 realta
578 3817 633 3868 aad
654 3815 738 3878 tuto,
762 3819 813 3869 wie
837 3819 889 3871 wir
910 3817 978 3871 obeo
993 3818 1025 3871 S.
1042 3819 1078 3873 72
1094 3833 1156 3871 oon
1171 3816 1344 3871 &lolium

251 3909 359 3968 blaten,
380 3902 462 3956 cteta
479 3919 523 3955 am
539 3902 614 3956 oicltt
630 3902 717 3971 oleicli
734 3905 895 3956 Btldeitulcu
916 3906 971 3957 aad
990 3906 1116 3973 vechner
1132 3902 1204 3957 teta
1222 3904 1344 3971 Gutum

252 3990 431 4053 dozoetelun,
456 3989 537 4043 ticite
554 3990 631 4056 ¹aicit
653 3989 736 4043 duret
752 3990 859 4044 stdrlue
877 3991 1020 4045 Matium
1044 3992 1095 4043 dur
1111 3990 1280 4059 Haupteptcl
1300 3990 1345 4043 der

252 4082 367 4132 Artem
383 4095 420 4131 zu
436 4077 551 4132 diodero
555 4115 566 4142 ,
591 4079 657 4132 oder
679 4078 723 4131 die
741 4076 983 4144 dusmcrlaomlecit
1005 4080 1060 4146 curs
1078 4079 1168 4131 diem
1187 4092 1228 4130 u
1244 4076 1346 4131 mirol·

252 4164 328 4217 otoo.
361 4167 395 4216 ln
413 4166 462 4218 dcc
478 4167 652 4237 cadeniaco
669 4166 758 4235 stelen
767 4165 852 4217 Mitte
869 4165 917 4218 deo
936 4166 1048 4219 &eicco
1064 4166 1164 4235 spelte
1182 4164 1236 4221 dee
1249 4162 1346 4221 Orate·

250 4260 308 4307 stes
323 4250 398 4303 scine
413 4252 523 4308 Roltea
