2798 4672
1154 259 1229 333 113

67 449 171 515 liceat.
214 447 281 514 cfr.
305 444 439 523 Meinelr.
463 442 544 512 Hist.
567 446 633 512 crit.
657 468 686 536 p.
698 445 749 510 32.
797 439 1130 532 Schweighaeuserus
1160 442 1230 532 qui-

69 555 241 622 demeum
264 546 458 620 Casaubono
479 555 512 619 in
534 549 701 618 Athenaeo
724 546 888 637 Ναυπλίῳ
909 549 1136 639 conigendum
1157 537 1230 615 esse

67 670 237 741 ratus'est,
259 660 333 733 ideo
357 660 443 749 quod
465 661 497 726 in
519 656 651 748 Nauplii
672 651 977 746 fabula-tempestas
992 657 1033 722 sit
1047 656 1229 736 notissima,

69 758 108 834 at'
123 780 182 833 cur
202 768 241 832 in·
257 768 391 833 navita
410 765 608 856 tempestatis
632 762 804 854 descriptio
823 784 888 829 non
905 762 1132 852 aequebrcum
1146 763 1231 829 tueri

67 874 179 963 possit,
199 873 387 964 intellegere
408 892 547 963 nequeo.
572 867 767 937 -Praeterea
797 868 1028 951 „cum-Persis
1041 892 1133 959 unus
1155 868 1231 941 sui-

69 979 126 1046 das
150 972 520 1069 copulavit-Nauplium,
543 978 602 1043 sed
622 998 737 1067 parum
759 985 808 1044 est
829 975 980 1042 credibile
1002 974 1232 1065 Naupliurnnt

67 1086 186 1153 Persas
203 1085 348 1176 ejusdem
367 1083 494 1155 fabulae
515 1084 739 1173 inscriptiones
763 1085 870 1150 esse.”
913 1082 1059 1148 Passow.
1075 1079 1128 1147 l.l.
1157 1081 1230 1149 Nec

68 1201 177 1258 tamen
209 1190 330 1257 absone
362 1190 395 1257 id
424 1192 643 1280 excogitatum
671 1200 736 1266 est,
770 1189 856 1279 quod
891 1187 1229 1278 Bippartus··prolert:

66 1297 261 1388 „legendum
283 1298 346 1364 sibi
364 1296 466 1363 videri
481 1293 654 1362 Ναὺιιλον
668 1290 689 1376 ἢ
705 1291 895 1373 Ναύπλιον;
915 1294 996 1361 duce
1015 1293 1136 1361 vocula
1158 1287 1208 1371 ἢ.”

155 1405 321 1493 Superest,
342 1414 378 1471 ut
400 1403 440 1470 de
463 1401 625 1470 Timothei
648 1427 777 1495 quoque
804 1404 959 1484 arte'aut,
980 1403 1009 1467 ‘si
1028 1402 1132 1467 mavis
1155 1400 1230 1467 arti*

68 1500 156 1592 ficiis,
178 1509 232 1576 [iat
250 1511 414 1602 Judicium.
459 1509 674 1577 Artificiosum
698 1512 784 1577 enim
806 1533 888 1600 quae
913 1508 1043 1600 quidem
1064 1507 1103 1574 ab
1125 1508 1229 1573 otioso

69 1619 245 1707 excogitari
265 1610 394 1706 ingenio
417 1616 531 1699 solent,
560 1640 600 1684 an
624 1641 721 1685 verae
743 1639 782 1683 ac
803 1616 931 1683 divinae
953 1617 1036 1681 artis·
1049 1614 1230 1705 prodautne

68 1723 314 1806 documentum,
348 1719 439 1814 quae
453 1722 624 1791 Timotheo
653 1735 766 1791 nostro
795 1722 968 1813 affiguntur
986 1725 1021 1788 in
1040 1722 1138 1788 rebus
1160 1720 1230 1811 ple·

68 1843 204 1920 namque
226 1832 357 1896 musicis
378 1827 588 1910 novationes,
620 1831 767 1919 quaestio
800 1828 913 1896 estad
937 1851 1034 1917 quarn
1061 1852 1120 1919 pro
1149 1828 1230 1918 dup-

67 1934 142 2025 plici
164 1943 347 2024 temporum
368 1936 493 2001 ratione
514 1935 667 2024 sdupplex
694 1935 727 1999 in
754 1943 906 2023 promptu
933 1936 989 2014 sit,
1020 1944 1151 2022 oportet
1177 1957 1229 2000 re·

67 2043 210 2130 sponsio.
255 2039 433 2106 Identidem
463 2043 549 2106 enim
571 2039 790 2105 revocandum
811 2040 844 2104 in
872 2041 1063 2103 memoriam
1091 2038 1154 2105 hoc
1177 2049 1233 2107 est

68 2145 205 2212 dubium
215 2168 291 2210 ··non
314 2169 396 2227 esse,
418 2146 493 2235 quin
507 2166 631 2211 omnes
651 2147 734 2210 istae
754 2144 955 2223 novatioues,
984 2165 1068 2232 quae
1091 2143 1231 2232 degene-

66 2261 158 2318 ratae
179 2252 323 2317 musicae
345 2252 536 2342 progeniem
557 2250 642 2316 mala
658 2248 786 2318 veteres
799 2249 900 2316 critici
919 2258 996 2315 nota
1009 2249 1232 2338 insperserunt

66 2357 185 2424 nostris
209 2350 339 2423 theatris
365 2357 592 2448 judicibusque
618 2357 749 2423 musicis
776 2355 921 2446 impense
951 2354 1127 2446 placiturae
1158 2358 1230 2424 sint.

66 2460 141 2529 Nec
172 2485 249 2527 vero
289 2485 324 2527 re
352 2465 468 2528 acriter
501 2486 659 2552 perpensa
691 2485 827 2553 magnos
854 2461 925 2528 illos
960 2472 1132 2531 novatores
1160 2467 1231 2533 sine

66 2568 186 2661 judicio
210 2578 266 2634 aut
287 2564 482 2658 cogitatione
504 2592 594 2636 mero
613 2568 826 2659 ingeniilusu
844 2570 1006 2660 animique
1021 2572 1231 2660 protervitate

69 2674 221 2741 seductos
258 2675 363 2764 egisse
393 2675 660 2766 suspicabimur„
678 2678 777 2742 immo
811 2699 892 2743 vero
926 2677 1003 2766 quid
1034 2687 1066 2743 et
1097 2678 1231 2768 quade

70 2803 185 2848 caussa
212 2779 245 2845 id
274 2791 423 2871 agerent,
456 2781 555 2872 probe
584 2783 714 2848 novisse
743 2782 969 2848 concedemus.
1022 2782 1106 2867 Qua
1127 2785 1167 2851 de
1194 2809 1231 2852 re

68 2887 207 2967 monuit,
235 2886 261 2952 F
263 2888 425 2955 rodericus
454 2887 655 2978 aDrieberg
677 2886 903 2974 Aufsclalr'isse
931 2888 1012 2954 iiber
1039 2891 1091 2956 dte
1112 2890 1232 2958 Musih

69 2996 131 3061 der
154 2993 316 3061 Grieclacn
336 3018 369 3081 p.
391 3001 454 3075 29,
483 2992 563 3061 libro
587 2995 696 3060 neseio
720 3017 761 3059 an
784 2994 970 3081 ceteroquin
992 3015 1058 3059 non
1081 2995 1122 3059 ab
1144 2999 1231 3062 omni

68 3110 160 3191 parte
183 3099 438 3167 commendabili.
484 3100 552 3168 Sed
581 3122 623 3167 ne
644 3098 838 3166 difficultatis
869 3100 946 3189 quid
966 3099 999 3165 in
1020 3097 1086 3166 hac'
1111 3100 1231 3191 disqui-

68 3208 184 3272 sitione
212 3207 327 3274 callide
355 3207 610 3296 praetermittere
641 3206 767 3287 videar,
801 3215 883 3271 ante·
903 3205 1010 3270 omnia
1038 3206 1231 3273 incensum

68 3313 235 3378 vocandus
259 3322 309 3379 est
331 3311 515 3400 Stephanus
534 3312 612 3400 Byz.
631 3335 656 3378 s.
672 3337 702 3378 v.
725 3308 892 3391 Μίλητοςι
915 3316 958 3359 4-
977 3312 1035 3376 καὶ
1061 3307 1232 3399 Τιμόθεος

68 3416 271 3508 κιθαρῳδός,
300 3414 336 3496 ὃς
358 3415 492 3495 ἐποίησε
514 3413 628 3501 νόμων
647 3419 884 3508 κιθαρῳδικῶν
911 3415 1047 3504 βίβλους
1072 3415 1232 3507 ὀκτωκαί-

71 3525 151 3589 δεκα
172 3520 218 3601 εἰς
240 3525 327 3589 ἐπῶν
350 3522 601 3608 ὀκτακισχιλίων
628 3525 688 3589 τὸν
715 3521 869 3613 ἀριθμὸν
897 3527 952 3592 καὶ
981 3521 1148 3615 προνόμια
1170 3524 1232 3592 ἅλ-

72 3631 138 3695 λων
156 3631 259 3718 χίλια.
1098 3661 1100 3666 ’

156 3739 325 3829 Leguntur
347 3737 434 3828 apud
456 3737 589 3805 Suidam
616 3737 777 3824 προοίμια
799 3737 851 3816 λς’
874 3742 1051 3830 (prooemia
1061 3738 1232 3823 XXXVI),

72 3844 159 3933 apud
178 3845 378 3936 Stephanum
401 3841 568 3930 προνόμια
583 3841 693 3909 ἄλλων
705 3844 800 3932 χίλια
821 3846 934 3937 quibus
955 3869 997 3912 ne
1020 3845 1134 3910 eadem
1156 3844 1232 3911 sub·

72 3949 215 4040 intellegi
245 3953 386 4018 carmina
418 3953 590 4041 suspiceris
621 3962 748 4019 cautum
783 3963 833 4019 est
859 3951 940 4018 Poll.
973 3952 1087 4016 Onom.
1118 3973 1148 4040 p⁴
1171 3952 1232 4019 185

73 4055 185 4123 Seber.
209 4054 322 4142 νόμον,
346 4056 544 4146 προοίμια
562 4056 737 4148 apostolae,
761 4056 974 4147 προνόμια.
1014 4057 1087 4140 Qua
1101 4068 1233 4148 propter

74 4161 314 4230 Schneidewini
345 4166 640 4254 comprobationem
661 4167 778 4233 meruit
805 4165 923 4254 Georg.
940 4163 1123 4252 Bippartus,
1147 4164 1232 4255 quod

75 4292 93 4332 a
115 4267 272 4360 Stephani
294 4271 392 4338 verbo
415 4267 582 4358 προνόμια
605 4263 793 4341 correctoris
816 4293 947 4339 manum
966 4274 1147 4340 semoverit.
