2798 4672
434 430 511 517 Ηρί
535 427 564 495 τ’
588 430 793 517 ἐπερχομένῳ
813 427 947 516 Βρομία
967 423 1062 516 χάρις

435 534 617 601 emeritum
639 560 673 600 τε
692 536 799 623 χορῶν
820 533 1031 623 ἐρεθίσματα

439 645 496 708 καί
519 643 645 708 Μοῦσα
673 640 887 731 βαρύβρομος
909 639 1030 708 αίλυίν.

172 749 280 819 Sehol.
304 745 508 835 ιιρσςηίλουν
528 750 593 837 γὰρ
614 752 682 827 τοῖς
704 752 869 838 τραγικοῖς
888 751 945 815 καί
961 753 1031 826 τοῖς
1043 751 1208 836 κωμικοῖς,
1228 746 1332 831 ἐπηύ-

171 858 254 921 λουν
282 857 317 920 δὲ
345 859 596 940 προηγουμένως
623 860 691 933 τοῖς
725 853 868 932 κυκλίοις
892 859 1020 943 χοροῖς·
1053 853 1265 943 ἐρεθίσματα
1294 858 1332 925 δὲ

170 959 274 1048 ἤμουν
293 954 434 1046 ἅμιλλαι
454 965 510 1028 καὶ
532 960 659 1050 ὄργανα
680 962 836 1049 μουσικοί.
873 965 949 1040 τοῖς
968 961 1035 1049 γὰρ
1045 960 1232 1041 Διονυσίοις
1253 964 1334 1043 τοὺς

170 1067 320 1145 κυκλίους
342 1069 461 1155 χοροὺς
495 1064 642 1136 ἵστασαν
670 1073 729 1137 καί
761 1067 958 1155 ἠγωνίζοντο
988 1072 1021 1136 oi
1046 1073 1184 1158 κωμικοί
1209 1074 1269 1137 καί
1295 1074 1331 1137 οἱ

170 1179 321 1265 τραγικοὶ
351 1176 499 1253 ποιηταί.
544 1176 632 1245 Idem
669 1187 804 1244 testatur
835 1177 889 1243 lex
915 1176 1086 1266 Euagorae
1120 1177 1209 1267 opud
1233 1176 1331 1245 Dem.

169 1283 246 1350 Mid.
275 1285 306 1369 ς’.
325 1285 360 1350 4»
384 1281 560 1351 NOMOC.
605 1279 781 1373 Edopdpae
807 1271 914 1361 εἶπεν,
944 1269 1079 1374 δ’τσνῇ
1110 1283 1158 1373 τῷ
1183 1279 1338 1373 Ammo

170 1388 206 1453 ἐν
230 1388 383 1474 Πειραιεῖ
400 1393 456 1473 καὶ
478 1392 512 1455 σί
532 1390 684 1479 κωμῳδοί
704 1393 763 1456 καί
791 1391 822 1455 σί
851 1390 1034 1479 τραγῳδοί,
1060 1391 1117 1455 καὶ
1143 1385 1240 1469 rideri
1260 1391 1334 1471 Δις-

171 1496 255 1585 vaip
276 1496 393 1582 πομπὴ
416 1499 473 1560 καὶ
495 1499 530 1561 σί
549 1497 714 1587 τραγῳδοί
736 1500 792 1561 καί
811 1498 844 1561 οἱ
866 1497 1020 1586 κωμῳδοί
1039 1498 1097 1561 καὶ
1118 1497 1190 1574 τοῖς
1207 1496 1248 1563 ἕν
1258 1492 1332 1574 dicet

170 1600 358 1678 Διονυσίοις
377 1600 398 1681 ἡ
421 1602 538 1688 popm}
559 1606 617 1668 καί
637 1604 670 1667 σί
693 1603 808 1678 παῖδας
828 1605 885 1666 καὶ
906 1599 926 1667 ὁ
944 1603 1098 1692 κωμρδοί
1118 1604 1181 1692 καὶ
1196 1602 1233 1669 οί
1252 1624 1332 1688 τρο·

170 1707 281 1797 μῳδοί.
315 1708 462 1775 Aeschin.
476 1719 531 1774 etr.
546 1709 744 1798 Ctesiphont.
757 1734 786 1799 p.
799 1710 851 1773 87.
875 1711 932 1773 καὶ
953 1708 1031 1785 τούς
1051 1712 1113 1792 μὲν
1125 1705 1240 1795 κριτὰς
1252 1706 1333 1787 τοὺς

169 1814 205 1878 ἐκ
226 1815 424 1892 Διονυσίων,
455 1815 513 1879 ἐὰν
538 1813 584 1900 μὴ
614 1812 748 1891 δικαίως
776 1813 853 1891 τοὺς
873 1814 1024 1892 κυκλίους
1049 1812 1168 1902 χοροὺς
1194 1811 1332 1902 κρίνωσι

169 1920 331 2007 ζημιοῦτε.
363 1923 402 1988 ef.
424 1920 535 1987 Liban.
559 1922 600 1988 ad
622 1921 716 1988 Dem.
739 1922 867 1989 Midian.
891 1932 923 1989 et
943 1921 1075 2013 hypoth.
1099 1921 1140 1988 ad
1159 1919 1330 1990 Demootlo

169 2025 287 2097 Mida,
309 2026 522 2107 Notissimum
533 2037 641 2095 autem
653 2037 702 2094 est
713 2026 886 2095 Simonidis
900 2029 998 2119 epigr.
1011 2049 1041 2117 p.
1053 2027 1114 2093 195
1125 2024 1330 2097 Schneidew.

276 2118 429 2199 Πυλλυίκι
450 2133 494 2213 δὴ
515 2135 622 2220 φυλῆς
640 2129 891 2220 Ἀκαμαντίδος
905 2134 941 2199 ἐν
958 2139 1111 2222 χοροῖσιν
1126 2119 1228 2221 Ὧραι
1262 2214 1266 2223 Ι

337 2235 575 2321 Ἀνωλόλυξαν
595 2237 809 2328 κισσοφόρσις
832 2241 885 2306 ἐπὶ
908 2236 1139 2328 διθυράμβοις

180 2378 184 2385 =
274 2349 311 2410 αί
333 2344 558 2423 Διονυσιάδες.

252 2450 304 2521 De
326 2452 463 2520 Lenaeis
487 2452 615 2544 quidem
637 2476 702 2521 non
723 2454 854 2521 memini
881 2454 967 2522 idem
989 2462 1055 2520 tam
1077 2452 1201 2521 disertis
1222 2452 1331 2520 verbis

168 2558 269 2639 tradi,
292 2558 350 2625 sed
371 2582 423 2625 res
445 2582 504 2648 per
524 2583 560 2626 se
579 2562 612 2626 in
634 2569 745 2649 aperto
769 2571 836 2643 est,
865 2584 941 2628 cum
967 2558 1146 2650 tragoedia,
1178 2580 1263 2649 quae
1287 2580 1330 2626 ex

58 2700 61 2707 ·
169 2663 370 2752 dithyrambo
392 2666 537 2755 profecta
559 2675 622 2748 est,
651 2668 735 2734 testo
760 2667 915 2756 imprimis
935 2665 1139 2735 Lenaeorum
1156 2660 1328 2755 peculiaris

169 2781 269 2853 esset3
292 2772 452 2861 quoniam,
474 2781 510 2838 ut
531 2771 815 2857 Boeekhium100)
838 2782 871 2840 et
891 2771 1083 2840 Muellerum
1104 2779 1238 2839 secutus
1256 2772 1327 2838 Dis·

167 2877 276 2943 senius
298 2876 318 2943 l.
341 2877 360 2944 l.
383 2878 516 2959 monuit,
544 2879 598 2945 ubi
621 2878 661 2946 de
681 2876 819 2947 Lenaeis
841 2898 948 2946 senno
970 2880 1022 2960 sit,
1040 2878 1178 2967 primam
1198 2884 1328 2969 tragoe-

168 2980 240 3051 diae
262 2986 509 3053 eommemorari
529 2985 668 3067 soleant,
699 2984 814 3055 deinde
836 2985 1041 3068 comoediae;
1070 2992 1183 3051 contra
1208 2980 1265 3051 uti
1286 2982 1328 3051 de

167 3088 332 3181 Dionysiis
360 3093 487 3180 magnis
518 3093 657 3181 primmn
686 3091 874 3160 comoediae
903 3088 1020 3159 deinde
1048 3088 1325 3180 tragoediae101).

166 3195 369 3263 Crediderim
391 3207 499 3264 autem
519 3200 662 3266 maxime
681 3221 771 3266 nono
791 3220 832 3265 ao
852 3197 978 3264 decimo
1001 3195 1052 3264 die
1065 3192 1328 3263 σκοτία-(ἰαινο-

166 3301 261 3367 lionis
283 3302 500 3392 dithyrambos
523 3304 564 3371 ab
585 3303 831 3371 Atheniensibus
854 3304 980 3371 auditos
1002 3324 1088 3382 esse,
1116 3303 1238 3390 quippe
1257 3300 1328 3391 qui·

167 3407 228 3473 bus
259 3428 301 3473 ex
327 3406 424 3476 lusor.
452 3410 548 3501 Corp.
577 3408 668 3476 titulo
690 3408 755 3476 523
785 3410 881 3477 etiam
906 3404 1073 3484 κατοίσεις
1101 3400 1266 3473 Διονύσου
1292 3406 1326 3471 iu

166 3536 230 3581 usu
251 3512 350 3581 fuisse
372 3527 539 3606 appareat:
573 3539 669 3606 quam
697 3539 775 3585 vero
797 3516 948 3608 frequens
974 3516 1015 3583 sit
1035 3516 1069 3583 in
1090 3530 1325 3582 commemora-

167 3621 255 3688 tione
277 3619 551 3710 dithyramborum
575 3621 694 3689 κισσοῦ
720 3624 865 3691 neaerae
892 3623 1031 3704 mentio,
1062 3621 1192 3710 ignorat
1218 3637 1325 3685 nemo.

168 3727 255 3813 Quin
283 3728 369 3816 apud
397 3726 597 3796 Simonidem
628 3728 690 3818 ipsi
724 3727 918 3817 dithyrambi
945 3727 1079 3796 audimrt
1112 3716 1325 3811 xaooooiooo

169 3834 367 3927 eaedemque
388 3833 565 3902 cantilenae
597 3828 646 3926 ap.
670 3835 882 3926 Antiphanem
904 3835 1019 3902 Athen.
1042 3830 1133 3914 XIV,
1155 3854 1186 3923 p.
1208 3827 1324 3897 stad.

207 4073 256 4139 ¹9⁰)
273 4075 376 4129 Comm.
396 4077 429 4128 de
448 4078 563 4130 λοισθία
580 4082 645 4130 oett.
662 4095 688 4144 p.
706 4078 751 4130 33.
768 4077 848 4143 Corp.
867 4078 950 4128 Imer.
967 4090 995 4128 n.
1013 4076 1076 4128 231.

208 4176 253 4240 ¹¹¹¹)
273 4181 341 4230 Sunt
359 4186 447 4231 tannen
467 4181 518 4233 loni
537 4182 666 4245 nonnulli,
685 4196 755 4247 quae
766 4176 894 4230 Boeeklrii
911 4190 942 4231 ao
955 4179 1079 4231 Muelleri
1092 4175 1216 4245 montom
1231 4176 1326 4227 obver-

237 4270 342 4325 sentum
367 4281 456 4331 nequo
475 4284 507 4319 ea
527 4271 662 4321 Wetckoro
679 4265 768 4318 Addit.
788 4284 814 4332 p.
832 4268 885 4319 279
904 4271 960 4318 not.
979 4267 1031 4318 242
1049 4282 1079 4317 se
1097 4262 1255 4316 insinuavit.
