2798 4672
686 395 742 465 [Χ.

588 500 691 586 (deest
713 525 763 594 ap.
791 503 843 586 B.)

225 607 284 677 τὸν
305 602 523 694 ἀρκεσίγυιον.

136 714 305 805 Antiphan.
329 736 379 803 ap.
402 711 516 779 Athen.
539 709 584 795 X,
606 721 639 802 p.'
655 713 719 780 446
741 737 768 781 a.
799 714 990 802 ααραδιὸσῦ
1010 714 1046 781 δ’
1066 715 1139 800 ἑξῆς
1160 716 1257 802 ἐμοὶ,

261 817 322 885 τὸν
338 816 618 906 ἀρκεσίγυιον·
644 814 690 896 ὥς
710 817 833 906 ἔφασκ’
854 817 1049 911 Εὐριπίδης.
1079 890 1083 895 ,
1172 866 1184 875 -ι

166 961 170 968 ·
260 925 305 994 Β.
328 922 510 1012 Εὐριπίδῃς
529 923 595 1014 γὰρ
616 922 896 1023 ιαῦτἸὲφασκινς
925 930 968 994 A·
994 925 1082 997 ἀλλὰ
1099 927 1197 1013 riga.
1254 976 1274 1009 ,-

260 1032 304 1097 Β.
334 1026 555 1111 Φιλόξενος
576 1026 784 1110 δήπουθεν..
807 1035 854 1103 Α.
875 1030 1206 1125 oriatdu'riooupt'pet2¹„=

251 1125 285 1203 ὦ
307 1132 385 1216 reio,
402 1137 539 1223 ἐλέγχεις
560 1132 600 1222 μ’
625 1138 725 1236 ἕνεκαΙ
740 1141 910 1231 συλλαβῆς
930 1142 1021 1227 μιᾶς.
1050 1187 1057 1197 ·-

132 1245 270 1312 Casauh.
292 1243 322 1310 h.
339 1243 365 1310 l.
398 1243 518 1333 „Apud
540 1253 670 1332 poetam
689 1247 783 1313 tundo
809 1259 887 1316 sunt
913 1251 977 1319 ista
995 1248 1150 1340 poscebat
1164 1280 1167 1285 ·
1180 1247 1296 1340 aliquis

131 1353 252 1432 vinum,
275 1349 332 1416 sed
353 1349 406 1416 ille
428 1373 493 1416 non
516 1336 608 1415 οἶνον
630 1350 778 1440 appellat,
807 1378 921 1420 verum
951 1349 1161 1443 ἀρκεσίγυιον
1174 1365 1217 1427 ιιι
1236 1378 1295 1425 oo·

130 1459 226 1524 mico·
242 1468 335 1524 more¹
354 1457 464 1524 rideat
485 1456 715 1539 Philoxenum,
751 1460 805 1547 qui
834 1461 881 1525 sic
907 1471 977 1527 erat
1003 1461 1139 1529 loeutus.
1153 1462 1233 1541 ..at
1254 1463 1295 1530 de

130 1564 284 1630 industria
305 1565 508 1654 ignorantem
529 1561 632 1652 lingit,
665 1564 719 1653 qui
746 1562 889 1654 loquitur
915 1575 949 1633 et
977 1567 1123 1658 Euripidi
1143 1567 1295 1655 'attribuit

133 1670 219 1760 quod
240 1679 309 1736 erat
329 1668 499 1736 Philoxeni
520 1669 663 1735 verbum.
707 1668 742 1735 ln
773 1693 812 1736 ea
833 1694 915 1737 voce
937 1671 1016 1739 illud
1037 1696 1172 1754 novum,
1207 1673 1294 1764 quod

132 1775 294 1865 epitheton
316 1778 381 1842 vini
403 1799 461 1866 pro
484 1773 698 1866 appellatione
725 1775 790 1842 vini
823 1786 965 1867 usurpat
1009 1777 1137 1846 Deinde
1159 1774 1293 1868 ἀρκεσί-

130 1876 225 1966 γυιον
252 1883 363 1948 vinum
391 1881 555 1973 appellans
578 1881 721 1948 Homero
746 1884 948 1965 contradicit,
980 1887 1034 1975 qui
1063 1895 1175 1951 contra
1204 1880 1293 1953 dno-

129 1988 245 2074 yvaoriu
272 1989 305 2056 id
328 1989 406 2056 dixit
428 1989 460 2056 ll.
482 1983 511 2069 ζ
533 1989 631 2055 265.”
676 1989 714 2055 cl.
738 1989 874 2059 hleinclc
898 1989 991 2057 Tem.
1014 1988 1063 2073 Ill,
1085 2014 1115 2081 p.
1129 1992 1201 2060 645.
1224 1994 1292 2060 An·

129 2096 247 2187 tiphan.
276 2097 357 2186 lrgg.
388 2096 481 2165 Tom.
502 2094 551 2176 lll,
581 2119 611 2186 p.
636 2096 707 2161 120.
749 2096 917 2181 „Ceterum
949 2094 1112 2185 epitheton
1143 2093 1292 2186 ἄκρατον

128 2205 224 2270 simili
249 2203 347 2269 modo
376 2212 562 2291 usurpatur:
590 2204 688 2267 immo
717 2203 909 2271 daemonem
929 2198 1103 2290 ”Arpocran
1130 2206 1290 2273 novimus.

129 2310 167 2376 cl.
189 2308 332 2376 Nerium
355 2306 396 2372 ad
418 2305 538 2395 Sapph.
569 2307 605 2371 [ι.
629 2305 796 2386 CXXVII,
816 2329 848 2394 p.
872 2309 923 2371 98.
1076 2368 1078 2373 ,
1223 2368 1227 2375 ,
1283 2362 1287 2371 .

187 2468 190 2473 .
211 2411 362 2501 Denique
384 2409 480 2498 Hugo
505 2408 595 2479 Grot.
618 2409 782 2498 Excerptt
801 2432 834 2499 p.
844 2411 908 2477 866
929 2407 1016 2478 hune
1038 2411 1134 2481 etiam
1156 2434 1290 2485 versum

127 2540 170 2583 cx
188 2516 333 2606 Cyclope
344 2514 514 2582 Philoxeni
535 2516 626 2583 citat:
648 2511 824 2592 ἀπώλεσας
844 2501 1017 2581 τόνοῖνον
1037 2515 1166 2603 ἐπιχέας
1188 2508 1288 2609 ὕδωρ,

126 2623 193 2692 Sed
224 2622 311 2689 hune
344 2622 479 2687 Aristiae
508 2620 645 2710 Cyclopi
674 2620 823 2687 Dramati
857 2621 1005 2711 Satyrion
1038 2623 1287 2714 adjudicandum

126 2753 214 2809 esse,
246 2729 328 2795 hene
357 2726 506 2795 viderunt
534 2725 573 2794 R.
595 2726 725 2794 Fiorillo
750 2726 886 2794 Observ,
910 2729 977 2794 crit
999 2729 1086 2818 pao
1107 2739 1140 2805 et
1159 2729 1286 2801 Friebel

124 2837 236 2924 fragm.
253 2836 358 2923 Satyr.
372 2833 427 2901 Gr.
444 2855 476 2922 p.
488 2833 531 2899 65
553 2832 602 2900 ed.
624 2832 676 2901 Fr.
698 2831 843 2901 Larsow.
866 2872 908 2882 -
932 2834 980 2901 cf.
1004 2835 1108 2924 Toup.
1126 2834 1284 2907 Emendd.

123 2945 156 3010 in
179 2942 267 3011 Suid.
291 2941 328 3008 T.
351 2939 385 3023 ll,
408 2964 438 3030 p.
450 2940 523 3006 477.
1161 2962 1164 2967 ⁴
1277 3002 1281 3011 .

208 3049 292 3116 Tam
313 3070 411 3138 parca
431 3047 541 3136 igitur,
563 3067 638 3112 cum
658 3046 751 3113 nobis
774 3047 1026 3137 fragmentorum
1048 3071 1143 3138 seges
1164 3070 1282 3138 prore-

122 3157 216 3237 nerit‚
247 3154 288 3221 de
308 3155 378 3245 ipsa
400 3153 548 3247 carminis
571 3162 741 3221 venustate
762 3175 800 3219 ac
822 3154 1017 3244 praestantia
1039 3176 1190 3245 mancum
1204 3163 1282 3233 ‚tan-¹

122 3269 191 3327 tum
219 3260 316 3327 modo
342 3260 498 3351 judicium
530 3259 725 3327 conceditur.
778 3259 902 3327 Tamen
937 3259 1126 3350 quojmodo
1155 3259 1281 3350 singulo

121 3365 336 3445 cohaeserint,
355 3363 553 3455 'fabulaeque
574 3386 678 3431 nexus
701 3387 740 3430 ac
761 3387 952 3455 progressus
976 3363 1083 3456 qualis¹
1100 3365 1195 3435 luerit
1215 3388 1279 3453 uon

119 3473 164 3538 ita
184 3470 310 3538 difficile
333 3479 382 3537 est
401 3470 630 3559 conglutinatu.
674 3470 721 3537 Ac
745 3469 785 3537 de
807 3470 949 3561 dupplici
969 3469 1281 3560 quidemchorostar

120 3578 234 3667 Ulyxis
262 3577 357 3643 sociis
388 3586 484 3667 atque
505 3574 698 3666 Polyphemi
719 3576 871 3645 armentis
897 3576 1090 3665 composito,
1107 3577 1199 3670 hatra
1215 3576 1280 3663 nihi

120 3685 160 3753 do
181 3683 291 3773 cycliis
313 3681 417 3751 choris
439 3683 630 3761 sententiam
651 3705 759 3761 meam
778 3684 934 3772 aperiam,
956 3681 1134 3771 disputabo.
1153 3682 1279 3765 Pide,

118 3801 176 3863 tur,
199 3792 295 3880 igitur
321 3787 446 3878 Ulyxes
478 3810 537 3854 suo
569 3785 667 3881 charo
693 3789 815 3877 primus
846 3787 1043 3853 incentivum
1071 3787 1213 3871 dedisse3
1243 3796 1278 3855 ut

114 3900 187 3987 jure
201 3896 310 3985 ¹possit
330 3888 537 3983 αροιξάρχωυ
557 3893 676 3971 vocari,
699 3892 785 3982 quod
807 3912 882 3961 cum
896 3912 933 3958 ea
951 3916 1079 3984 quoque
1095 3897 1277 3979 napratione

118 4002 238 4091 optime
278 4002 442 4083 convenit,
474 3996 691 4065 Philoxenum
723 3997 829 4085 ipsum
865 3997 977 4088 Ulyxis
1014 3998 1073 4067 sibi
1099 3992 1278 4092 ,personum

116 4108 301 4196 sumpsisse.
321 4102 395 4185 ,Et
425 4103 500 4195 quid
534 4100 695 4171 multum?
747 4100 938 4203 Conquesti¹
952 4104 1038 4173 haud
1065 4107 1165 4187 ‚dubie
1187 4108 1277 4203 dura

115 4212 190 4280 belli
211 4213 372 4303 marisque
392 4209 486 4298 mala,
508 4217 582 4299 post
603 4216 700 4300 q'uam
722 4207 776 4276 diu
798 4210 903 4292 anxie,
924 4198 1277 4313 numquidistaregio,
