2798 4672
169 253 245 327 206

168 432 286 512 simile,
316 430 440 497 duobus
467 429 555 496 hisce
582 429 769 519 generibus,
799 436 896 517 prout
915 436 1043 516 ternpus
1065 426 1171 506 ferret,
1199 422 1336 495 diversa

167 540 266 607 fuisse
294 545 497 625 argumenta,
530 533 669 602 hibernis
701 533 831 626 quidem
861 533 1015 615 tristiora,
1047 541 1143 622 atque
1156 600 1160 607 ,
1175 531 1330 611 universo

168 645 208 712 de
231 653 334 709 morte
363 643 414 708 dei
435 651 633 731 naturaeque
659 641 802 732 planctui
830 639 1032 721 occinentia,
1049 638 1164 705 vernis-
1184 635 1331 718 laetiora,

169 750 209 816 ad
240 749 374 816 redivivi
401 749 539 814 numinis
568 746 754 837 tellurisque
784 754 915 814 renatae
942 744 1151 812 salutationes
1179 754 1265 835 apta
1286 782 1330 793 --

167 856 234 923 Sed
255 854 304 920 his
325 855 358 919 in
380 855 566 919 universum
587 854 793 942 praemonitis
809 852 976 919 veniamus
999 852 1040 917 ad
1062 849 1198 941 singula.

249 959 382 1026 Athenis
403 982 521 1048 magna
542 959 709 1048 Dionysia,
732 958 806 1025 ahbi
827 959 888 1025 alia
909 960 1018 1039 festa,
1037 965 1331 1049 renascentevere

164 1065 308 1133 Baccho·
325 1064 479 1131 celebrari
506 1064 669 1148 solebant3
699 1065 816 1139 eodem
847 1065 902 1131 illo
936 1075 1096 1154 tempore,
1109 1104 1113 1113 ·
1126 1087 1192 1153 quo
1219 1064 1331 1137 vineta

164 1171 308 1260 undique
330 1194 417 1237 nova
438 1172 550 1237 vitium
568 1173 746 1260 propagine
761 1171 1013 1254 revirescebant3
1035 1188 1099 1260 quo
1110 1170 1222 1245 amnis
1236 1168 1334 1257 copia

165 1278 292 1343 narium
315 1276 425 1343 dulces
446 1277 562 1343 odores
586 1277 767 1366 spargebat,
797 1278 935 1368 denique
959 1277 1051 1367 quod¹
1066 1275 1219 1349 Horatius
1241 1272 1333 1353 hisce

167 1383 313 1450 versibus
336 1393 402 1448 tam
423 1384 505 1449 vivis
528 1383 688 1449 coloribus
711 1383 871 1473 depinxit:
890 1401 893 1406 ·
1311 1452 1314 1457 ,

202 1546 206 1551 ,
293 1488 461 1576 Diffugere
483 1490 574 1555 nives
594 1489 730 1555 redeunt
747 1493 816 1581 jam
836 1490 983 1580 gramina
1005 1492 1127 1579 campis
1254 1542 1268 1555 -.
1306 1536 1309 1541 -

368 1594 608 1684 arboribusque
628 1618 759 1677 comae3
824 1636 850 1669 -,
1175 1612 1179 1623 ·

224 1700 432 1771 Mutatt
419 1710 504 1765 terra
525 1703 630 1767 vices
627 1710 669 1766 et
689 1700 1005 1791 decrescentianpia
1057 1720 1062 1727 ·
1104 1742 1108 1749 ·

282 1822 296 1877 ’,
369 1806 518 1879 Flumina
540 1816 754 1896 praetereunt.
837 1858 839 1863 .

232 1912 408 1985 Gratia
430 1937 509 1985 cum
518 1913 676 2004 Nymphis
696 1914 896 2003 geminisque
917 1876 1080 1983 sororibus
1097 1913 1237 1981 audet

370 2019 500 2086 Ducere
523 2019 610 2086 nuda
633 2019 788 2091 choros.·-
838 2076 841 2081 .
1095 2086 1099 2093 ,
1153 2084 1157 2093 ,
1308 2080 1311 2085 .

252 2126 369 2192 lisdem
388 2128 485 2216 igitur
507 2126 628 2208 diebus,
656 2129 711 2216 qui
732 2125 786 2193 vel
806 2124 1006 2197 hebetioris.
998 2127 1132 2215 ingenii·
1130 2088 1330 2246 animaeque

168 2233 240 2298 trist
239 2232 314 2298 ioris
336 2233 501 2298 hominem
522 2233 562 2298 ad
581 2233 840 2321 cognoscendam
855 2231 1063 2313 laetissimam
1082 2233 1221 2299 numinis
1236 2252 1329 2319 prae·

168 2342 305 2404 sentiam
326 2339 602 2418 inflammaverint,
625 2338 866 2403 obmutescente
888 2336 1009 2403 lascivo
1032 2336 1329 2403 commissationum

168 2445 302 2533 strepitu
325 2443 555 2509 exaudiebatur
578 2442 794 2532 dithyrambus
818 2443 1004 2507 carminum
1032 2445 1179 2517 omnium
1196 2442 1330 2507 festissi-

169 2572 259 2614 mum
281 2572 319 2614 ac
340 2549 595 2628 scverissimmn,
627 2572 790 2613 summum
818 2547 995 2636 cycliorum
1024 2545 1195 2614 chororum
1217 2545 1328 2613 decus.

168 2652 225 2733 Et,
259 2655 409 2743 quoniam
436 2676 513 2720 vere
543 2663 735 2729 renascente
756 2663 789 2721 et
809 2664 999 2745 regenerata
1019 2662 1135 2719 natura
1155 2651 1239 2719 deus
1259 2653 1330 2743 ipae

239 2865 389 2929 καλοῦντός
409 2887 482 2929 τινος
506 2865 664 2925 ὑπακούειν.
705 2870 763 2925 εἶτα
787 2870 908 2939 ἔκπεδᾷν
935 2867 1138 2937 άκτιτασχέτους
1162 2871 1333 2941 γιγνομένας

239 2959 287 3007 καὶ
310 2959 415 3028 τρέχειν
440 2953 516 3015 ἐκτὸς
548 2958 593 3023 τῆς
614 2952 727 3017 πόλεως.
769 2960 980 3030 Ματειιομένοις
1004 2954 1036 3007 δὲ
1060 2960 1116 3015 τοῖς
1136 2958 1262 3029 Λοκροῖς
1284 2958 1332 3008 καὶ

235 3039 368 3113 Ῥηγίνοις
385 3044 511 3115 περὶτῆς
528 3039 687 3113 ἀπαλλαγῆς
704 3036 753 3097 τοῦ
770 3040 878 3103 κάδους
895 3047 982 3097 εἰπεῖν
1000 3039 1048 3095 τὸν
1065 3038 1151 3095 deda·
1176 3044 1332 3101 Παιῶνος

239 3124 337 3198 ᾅδειν
360 3125 518 3200 ἐαρικοὺς
543 3126 698 3197 δωδεκάτης
715 3126 818 3203 ἠμέρας
836 3127 870 3190 ξ’.
895 3124 962 3183 ὅθεν
980 3120 1098 3186 πολλοὺς
1114 3130 1248 3197 γενέσθαι
1264 3132 1331 3180 πιττ-

237 3215 418 3288 ανογράφους
441 3217 472 3270 ἓν
492 3215 600 3285 Ἰταλίᾳ.
637 3221 790 3272 Occurrunt
809 3218 893 3284 igitur
906 3217 942 3283 ,ln
960 3219 979 3270 l.
1002 3216 1083 3268 etiam
1105 3206 1332 3283 perornes-veni,

238 3308 337 3374 quibua
359 3305 437 3359 Locri
456 3305 644 3374 Rhegiumqae
668 3309 796 3361 Italorum
819 3305 949 3371 originem
973 3304 1114 3357 dederunt.
1154 3302 1332 3355 Memorabile

239 3410 302 3445 vero
320 3394 391 3445 hunc
409 3394 495 3444 locnrn
511 3392 574 3447 ideo
593 3393 664 3459 dieo,
682 3393 747 3461 quia
763 3408 818 3445 non
835 3408 934 3462 parvae
953 3390 1018 3443 mihi
1036 3387 1206 3442 auctoritatis
1225 3387 1332 3443 videtur

241 3481 274 3530 ad
293 3478 431 3531 Xenoeriti
457 3479 603 3531 carminum
625 3479 741 3531 indolem
761 3478 984 3547 perspiciendam.
1026 3479 1067 3530 De
1090 3477 1188 3544 quibus
1205 3477 1279 3531 Prua
1297 3476 1331 3527 de
1362 3536 1365 3541 Ι

215 3602 217 3607 -
239 3567 335 3620 Music.
356 3583 379 3618 c.
397 3566 430 3617 X.
456 3567 520 3636 περὶ
538 3564 570 3616 δὲ
588 3564 768 3636 Ξενοκρίτου,
795 3558 824 3623 ὃς
842 3558 923 3632 ἦντὸ
943 3567 1023 3635 γένος
1042 3562 1072 3615 ἔκ
1090 3562 1214 3631 Λοκρῶν
1230 3562 1286 3616 τῶν
1301 3560 1332 3615 ἐν

236 3648 336 3719 Ἰταλίᾳ
355 3647 567 3723 ἀμφισβητεῖται
584 3646 749 3705 almaniam
767 3648 878 3718 ποιητὴς
894 3656 1026 3723 γέγονεν·
1045 3648 1172 3723 ’ἡρωϊκῶν
1189 3642 1332 3719 ydp'rino-

237 3742 344 3794 aaaron
362 3733 514 3809 πράγματα
533 3736 657 3805 ἐχουσῶν
679 3734 795 3805 ποιητὴν
807 3743 962 3807 -γεγονένιιι
984 3739 1073 3808 φασὶν
1091 3732 1183 3791 αὐτὸν.
1221 3732 1334 3789 dut-nat

237 3846 313 3886 τινας
331 3821 521 3895 διθυράμβους
538 3827 632 3879 καλεῖν
650 3821 735 3877 αὐτοῦ
756 3823 804 3882 τὰς
828 3821 981 3881 ὑποδέσεις.
1017 3823 1084 3876 Fuit
1100 3823 1185 3889 igitur
1201 3824 1334 3877 Xenocli-

239 3921 282 3968 tus
300 3915 372 3967 haud
391 3912 472 3964 dubia
490 3928 595 3964 unua-e
614 3912 704 3965 multis
729 3911 798 3977 illia,
821 3928 889 3979 quoa
908 3910 989 3965 Locri
1010 3901 1188 3978 pepererant,
1212 3926 1334 3979 pacano·

239 4001 361 4068 graphia,
386 4016 500 4068 quorum
524 4014 656 4067 paeanes,
681 4014 742 4051 cum
763 4013 845 4051 verno
870 4002 991 4063 tempore
1016 4002 1194 4060 canerentur,
1217 3997 1334 4051 fortasse

239 4103 289 4139 nec
307 4087 360 4154 ipsi
376 4102 539 4154 magnopere
557 4085 725 4153 Apollineam
743 4086 817 4137 illam
835 4083 1057 4151 tranquillitatem
1074 4083 1225 4152 spirarent,
1249 4100 1334 4153 paea-

238 4171 317 4224 nibua
340 4178 447 4240 aptam;
477 4172 638 4241 quinimmo,
666 4188 727 4225 curn
751 4170 833 4223 etiam
862 4168 972 4223 heroica
992 4176 1157 4238 argumenta·
1174 4175 1333 4239 tractarent,

238 4275 287 4327 pro
305 4259 487 4327 dithyrambis,
502 4276 584 4328 quarn
601 4259 749 4330 paeanibur
766 4255 861 4311 molina
879 4256 972 4312 haberi
990 4262 1110 4327 ponent.
