2798 4666
167 247 245 322 220

165 432 308 498 inserere
326 423 576 516 dithyrambicae
591 426 699 518 poesis
721 425 836 495 florem
856 424 1028 518 periclitati
1047 439 1132 513 sunt,
1153 430 1267 498 nescio
1290 451 1331 499 an

166 533 255 604 nullo
278 556 330 601 res
350 531 405 600 vel
430 532 634 600 mediocriter
660 533 804 601 cesserit
860 531 991 602 Edolati
1015 556 1158 628 namque
1186 538 1330 605 carmina

166 650 251 723 sunt,
272 637 502 728 dithyrambica
519 638 649 730 quidem
663 649 696 706 et
710 637 819 707 colore
834 648 867 708 et
881 641 990 708 furore
1005 641 1082 708 satis
1095 641 1330 733 superbientia;

167 745 385 837 dithyrambos
405 768 485 814 vero
502 766 569 813 non
590 743 761 829 finxerunt,
783 769 858 814 eum
878 770 921 815 ne
938 747 971 815 in
987 749 1187 838 argumentis
1200 748 1331 840 quidem

167 853 323 945 eligendis
338 848 507 942 contigerit
521 852 598 943 ipsis
617 873 690 918 esse
701 850 855 919 felicibus.
882 851 1000 946 Neque
1009 851 1240 925 Willamovius
1250 856 1331 948 ipse,

166 983 242 1028 cum
256 958 436 1028 iterandam
452 966 579 1027 curaret
593 958 772 1025 carminum
793 957 976 1042 editionem,
996 957 1170 1052 plusquam
1188 963 1329 1055 quinque

166 1076 222 1135 aut
236 1089 297 1135 sex
317 1065 459 1134 carmina
473 1063 639 1130 etiamtum
654 1063 928 1155 dithyramborum
941 1066 1072 1135 nomine
1084 1065 1183 1157 digna
1194 1069 1329 1136 censuit.

164 1171 268 1240 Recte
288 1171 343 1239 ille
364 1170 503 1262 quidem,
524 1192 720 1262 quamquam
741 1169 871 1239 alterius
890 1172 943 1239 cui
960 1177 1134 1241 obsecutus
1150 1182 1330 1243 estcenso·

165 1300 248 1360 rum,
270 1277 380 1346 taedet
400 1299 475 1345 cum
488 1277 599 1360 fastus,
622 1285 701 1360 tum,
724 1301 821 1369 quam
834 1278 937 1346 doctis
952 1277 1144 1371 quibusdam
1155 1301 1330 1351 ornamen-

163 1385 204 1451 tis
228 1382 428 1452 dissimulare
454 1385 600 1474 nequivit
619 1385 810 1475 ignorantia.
854 1384 897 1453 At
918 1382 958 1451 de
979 1386 1197 1455 recentiorum
1221 1408 1328 1479 popu·

162 1489 269 1558 lorum
296 1490 523 1559 imitationibus
556 1488 748 1579 dithyrambi
776 1491 831 1559 cfr.
855 1489 1072 1559 Grotelendus
1092 1491 1127 1559 in
1147 1490 1277 1563 llrschii
1297 1503 1329 1561 et

165 1597 304 1664 Gruben'
323 1594 458 1686 Encycl.
485 1596 573 1663 Sect.
594 1595 617 1677 l,
639 1596 726 1664 Part.
749 1595 876 1679 XXVI,
896 1619 929 1688 p.
953 1597 1016 1663 178
1036 1620 1107 1690 sqq.
1141 1606 1176 1667 et
1200 1597 1326 1669 Rosea-

163 1701 311 1775 krannius
337 1700 411 1768 ibid.
435 1701 522 1769 Sect.
542 1700 591 1784 lll,
613 1701 700 1769 Part.
723 1701 746 1786 l,
767 1725 799 1794 p.
820 1703 894 1770 330.

249 1806 341 1876 Haec
372 1805 538 1876 hactenus.
593 1805 661 1876 Sed
695 1807 736 1876 de
767 1807 877 1899 cycliis
908 1806 1032 1893 choris,
1063 1832 1107 1879 ne
1137 1811 1327 1905 imperfecta

163 1915 363 1985 rescindatur
395 1915 582 2006 disputatio,
619 1936 658 1982 ac
688 1914 729 1983 de
762 1913 931 1984 saltatione
961 1913 1213 2006 dithyrambica,
1241 1918 1325 1989 illico

163 2033 265 2091 totam
285 2021 488 2115 pertractabo
509 2021 685 2091 materiem
