2798 4672
183 242 258 315 170
374 251 378 257 ”

180 446 267 490 mam
288 433 413 513 partem
436 422 474 488 ah
497 421 630 489 Aeliano
652 419 692 487 H.
716 421 753 487 A.
775 420 846 502 ΧΠ,
868 423 911 488 45
933 432 966 488 et
988 421 1107 489 Taetae
1130 445 1180 513 ap.
1204 406 1344 495 Cramer

179 528 301 597 Aneed.
325 531 435 596 Oxon'
450 528 497 611 ΙΙΙ,
519 518 550 617 p.
573 528 637 593 352
657 539 834 609 seruatam,
867 529 1042 618 genuinum
1070 530 1198 603 Arionis
1227 554 1343 601 musae

179 639 302 702 foetum
330 634 510 702 hahuerunt
539 630 731 701 Welekerus
752 632 772 699 l.
796 633 815 700 l.
838 658 869 724 p.
888 636 952 701 398
982 643 1015 700 et
1036 633 1194 723 Berghius
1225 635 1342 707 PLGr.

179 764 210 832 p.
222 743 295 822 566,
308 744 338 822 7,
359 778 403 788 —
425 762 562 831 quorum
582 748 768 828 postremus
788 762 917 808 carmen
932 741 1134 808 librariorum
1156 745 1341 833 exstirpatis

180 846 339 913 erroribus
361 845 447 911 hune
467 848 500 912 in
521 844 656 910 modum
678 846 830 913 restituit:

220 979 223 984 ·
321 945 470 1032 Ὕψιστε
492 950 585 1015 θεῶν

225 1044 228 1049 “
329 1052 442 1122 πόντιε
459 1055 689 1144 χρυσοτρίαινε
712 1054 881 1126 Πόσειδον

327 1160 460 1248 y'oeaeiopg'
483 1162 636 1252 ἐγκύμον’
665 1159 723 1227 ἀν’
747 1158 869 1250 δι’λμαν.

231 1292 234 1299 “
329 1268 500 1357 βραγχὶοις
521 1273 594 1357 περὶ
618 1270 654 1334 δὲ
676 1274 712 1337 οὲ
735 1270 860 1337 πλωτοί

240 1386 243 1391 ’
326 1360 432 1465 θῆρες
450 1372 624 1463 χορεύουσι
649 1371 763 1465 κύκλῳ,

326 1480 483 1568 κούμοισι
509 1482 621 1547 ποδῶν
643 1480 807 1570 ρἰμαοιν

248 1598 251 1603 ’
327 1585 445 1674 ε’λόιμρ
469 1583 740 1670 ἀναπαλλόμενοι
761 1586 855 1674 σιμοί

327 1691 551 1782 φριξαύχενες,
578 1690 765 1782 ω’κόδρομοι
786 1692 943 1772 σκύλακες
965 1691 1166 1784 φιλόμουσοι

327 1803 490 1888 δελφῖνες,
518 1798 621 1865 ἔναλα
643 1802 828 1887 θρέμματα

325 1908 448 1994 κονρᾶν
469 1907 644 1992 Νηρεΐδων
668 1908 757 1972 θεᾶν

201 2098 204 2105 Ι
225 2040 227 2045 ’
305 2010 367 2091 ’δῖς
388 1997 531 2098 ἐμείνατ’.
559 2010 781 2101 Ἀμφιτρίτα.

256 2124 259 2131 ‘
284 2206 287 2211 ρ
325 2115 419 2206 οἴμ’
442 2121 473 2197 ἐς
496 2120 651 2196 Πέλοπος
672 2121 735 2202 μᾶν
761 2121 815 2184 ἐπὶ
840 2118 1028 2206 Ταιναριάν

325 2224 430 2291 ἀκτὰν
444 2224 641 2314 ἐπορεύοατε
655 2225 861 2312 πλαζόμενον
873 2229 998 2316 Σικελῷ
1011 2231 1060 2292 ε’νὶ
1075 2225 1195 2318 πόντῳ,

326 2336 473 2416 κυριοῖσι
494 2330 610 2408 νώτοις
630 2329 778 2416 όχεῠντες

325 2435 432 2502 ἄλοκα
454 2440 601 2524 Nuptiae
622 2436 748 2514 πλακὸς

324 2548 497 2628 τέμνοντες
517 2544 642 2627 ἀστιβῆ
663 2542 781 2629 πόρον,
804 2544 909 2632 φῶτες
932 2540 1057 2608 δόλιοι
1131 2596 1155 2613 .,
1184 2598 1187 2603 .

324 2646 369 2726 ῶς
390 2648 430 2735 μ’
452 2646 514 2738 ἀφ’
538 2647 702 2716 ἁλιπλόου
721 2651 896 2738 γλαφυρᾶς
918 2647 995 2727 νεώς

304 2756 357 2833 ες
378 2744 471 2841 οἶδμ’
496 2754 727 2846 ἁλιπόρφυρον
748 2754 869 2842 λίμνας
890 2754 1024 2844 ἔριψαν.

258 2865 301 2930 At
323 2886 453 2930 carmen
477 2864 540 2930 hoe
563 2865 600 2930 ab
624 2866 742 2931 Arione
764 2865 943 2953 perfectum
966 2887 1048 2944 esse,
1070 2884 1237 2952 nunquam
1257 2863 1336 2930 mihi

171 2969 358 3062 persuaderi
380 2972 491 3059 patiar,
514 2971 600 3061 quod
616 2994 680 3061 quo
697 2960 770 3060 jure
794 2970 898 3035 dicam
921 2990 963 3033 ex
983 2970 1021 3033 iis
1043 2969 1172 3057 patebit,
1196 2972 1334 3059 quaein

171 3077 328 3167 prioribus
355 3077 473 3141 iterum
503 3078 683 3166 iterumque
717 3074 757 3140 de
782 3074 925 3162 Neptuni
962 3076 1269 3141 commemoratione
1301 3085 1333 3141 et

172 3183 396 3272 delphinorum
425 3181 638 3271 explicatione
667 3180 741 3245 dixi.
788 3179 899 3269 ltaque
928 3202 1060 3270 prorsus
1080 3178 1237 3246 Boeekhii
1257 3204 1333 3247 sen·

171 3292 291 3354 tentiae
313 3312 366 3353 me
389 3288 517 3370 addico,
547 3310 643 3378 quam
664 3285 684 3351 l.
707 3285 727 3352 l.
755 3287 940 3375 proposuit;
972 3287 1096 3351 narrari
1121 3285 1242 3373 hymno
1269 3287 1332 3351 isto

170 3394 312 3461 fabulam
334 3394 373 3459 de
396 3394 522 3459 Arionis
552 3394 745 3483 equitatione
767 3393 890 3456 marina
913 3392 1004 3481 quasi
1024 3414 1137 3456 veram
1157 3389 1332 3471 historiam,
1387 3414 1393 3429 ·

171 3499 230 3568 sed
250 3499 407 3589 hymnum
427 3501 533 3589 ipsum
556 3499 682 3564 serioris
700 3499 812 3564 aetatis
833 3508 949 3588 poetae
972 3497 1089 3579 deberi,
1112 3497 1332 3585 quiArionem

171 3616 278 3673 tamen
300 3608 362 3672 ista
382 3606 570 3694 loquentem
594 3604 816 3669 introduxerit.

254 3712 364 3802 Itaque
387 3714 484 3776 totius
507 3711 643 3800 hujusce
666 3708 886 3797 disputationis
907 3732 1032 3775 smnma
1054 3707 1134 3775 haec
1156 3716 1214 3773 est.
1256 3706 1332 3773 Del·

102 3816 105 3821 ’
169 3816 341 3905 phinorum
362 3816 502 3882 fabulam
524 3825 579 3881 aut
600 3814 639 3880 ab
655 3815 774 3880 Arione
797 3824 853 3879 out
873 3817 1018 3902 cognatis
1041 3814 1141 3904 ipsius
1163 3813 1332 3902 excogita·

170 3930 237 3988 tam
271 3946 358 4004 esse,
391 3945 456 4012 qua
488 3922 570 3987 vatis
601 3920 641 3987 de
673 3919 898 3985 novationibus
929 3921 1060 3984 musicis
1088 3919 1202 3984 merita
1233 3928 1331 4008 atque

169 4030 325 4094 memoria
346 4024 754 4114 exomarentur3ideoq1e
776 4047 849 4090 eam
873 4032 950 4090 euni¹
962 4025 1127 4091 nohihtata
1139 4022 1332 4112 dithyramhi

169 4133 363 4213 inventione,
385 4135 495 4198 Arioni
517 4133 687 4221 adscripta,
708 4124 884 4197 arctissime
907 4129 1094 4211 cohaerere,
1125 4131 1245 4220 quippe
1267 4154 1331 4220 qua
1363 4192 1366 4197 .

170 4260 235 4306 non
257 4237 387 4327 oblique
408 4225 573 4319 indicetur,
596 4237 682 4305 unde
696 4238 862 4303 terrarum
884 4237 990 4327 poesis
1012 4237 1044 4303 id
1060 4260 1163 4326 genus
1177 4236 1330 4305 inditae-
