2798 4672
186 218 259 293 186

267 402 407 495 Aetolis
430 403 560 493 quidem
580 398 740 494 Sicyoniis
760 400 856 467 heros
878 399 1034 469 Adrastus
1057 404 1124 486 fuit,
1146 403 1217 473 ulis
1231 402 1345 494 Thye-

181 519 262 594 stes,
293 512 383 600 cujus
406 505 507 588 πάθη
530 508 733 598 α’ὃοΡΙνοοΙο
763 510 857 574 etiam
892 508 1037 575 ordinata
1063 509 1229 600 tragoedia
1253 506 1344 575 cele·

179 615 271 682 brata
291 627 376 698 sunt,
397 615 543 694 Θυέστης
564 614 600 678 ἐν
621 612 765 679 Σικύωνι
785 615 955 704 inscripta,
981 617 1045 704 qun
1067 616 1107 681 de
1131 617 1186 682 cfr.
1209 612 1344 681 Lessin-

179 724 251 809 gius
272 723 305 788 in
324 723 389 788 vita
406 721 505 814 Soph.
522 720 614 788 Tom.
627 723 668 804 V,
679 744 710 810 p.
722 721 785 786 256
797 718 885 810 Lips.
928 719 1007 786 Aliis
1029 729 1137 788 tamen
1159 720 1342 788 civitatibus

179 827 232 892 alii
252 829 339 893 haud
362 827 456 894 dubie
477 827 592 894 heroes
615 827 767 893 similibus
791 825 854 893 coli
875 827 1046 916 tragoediis
1069 826 1229 910 solebant,
1258 850 1341 917 quos

176 931 240 998 hoc
262 932 334 1000 loco
357 957 526 1001 recensere
547 933 674 1024 longius
695 935 788 999 foret.
830 930 940 1022 ltarpre
960 932 1023 1000 hac
1044 935 1077 998 in
1094 957 1130 1000 re
1159 936 1230 1000 tuni
1251 935 1341 1000 simi*

175 1038 276 1106 litudo
299 1049 367 1105 tum
390 1039 560 1106 discrimen
580 1042 663 1106 inter
683 1037 920 1128 dithyramhum
948 1038 1193 1129 tragoediasque
1220 1038 1340 1127 lyricos

178 1146 266 1213 comi
286 1155 402 1236 potest,
425 1146 543 1236 quippe
566 1145 653 1236 quod
676 1143 894 1234 dithyrambus
913 1145 1043 1236 quoque
1057 1142 1220 1212 Διονύσον
1236 1138 1339 1227 πύθη

177 1253 252 1338 (cfr.
281 1275 309 1319 c.
337 1252 410 1335 Vl.)
443 1246 576 1318 haberet
608 1260 833 1342 argumentum
867 1252 1088 1342 propositum,
1128 1274 1195 1321 non
1227 1262 1337 1321 tumen

246 1557 303 1606 stos
320 1553 414 1607 fuisse.
450 1555 530 1606 Hunc
547 1553 619 1606 enim
637 1569 754 1606 errorem
771 1551 877 1621 peperit
894 1567 1020 1620 perversa
1031 1553 1164 1608 Herodoti
1180 1552 1235 1607 loci
1251 1552 1336 1607 inter·

244 1639 376 1708 pretatio,
400 1654 482 1707 quum
500 1641 610 1691 verbum
629 1635 756 1692 ἀπέδωκε
773 1655 790 1690 a
807 1637 943 1706 plerisque
960 1639 1000 1691 its
1023 1639 1236 1707 intelligeretur,
1257 1626 1335 1713 ¹uc'si

244 1724 396 1778 Clisthenes
421 1723 536 1790 tragicas
554 1726 614 1778 illas
633 1725 744 1778 choreas
761 1725 875 1777 Adrasto
898 1726 1036 1794 ademptas
1054 1726 1172 1792 Dionyso
1190 1724 1269 1797 qussi
1287 1726 1336 1778 de·

243 1811 314 1864 bitos
332 1812 447 1865 honores
465 1811 681 1864 reddidisset.
715 1813 838 1863 Welclrer
854 1811 944 1864 Addit.
955 1828 981 1879 p.
991 1813 1043 1866 235
1056 1818 1112 1866 not.
1124 1815 1184 1866 199.
1219 1814 1335 1867 Muelloe

243 1901 309 1952 Dor.
327 1901 360 1965 ll,
374 1916 400 1967 p.
418 1900 479 1953 367.
509 1899 625 1965 Pinzger
641 1916 670 1967 p.
688 1900 731 1950 11.
765 1899 841 1950 Bode
861 1898 955 1950 desen.
973 1901 1022 1951 der
1039 1899 1102 1951 tell.
1121 1902 1188 1966 Lyn.
1199 1901 1236 1965 ll,
1244 1914 1271 1967 p.
1281 1900 1334 1955 377

243 1989 305 2037 cum
324 1992 380 2039 not.
400 1988 414 2037 l
433 1987 556 2038 Luetcke
573 1989 592 2039 l.
606 2002 630 2038 o.
649 2002 676 2052 p.
691 1987 806 2039 20-22.
842 1986 940 2037 Verum
955 1991 1046 2039 tamen
1063 1981 1190 2057 ἀπέδυνε
1206 1984 1275 2037 nihil
1292 1970 1335 2061 ost

241 2073 295 2125 nisi
322 2072 496 2125 transtulit
519 2073 555 2125 ud
579 2072 728 2137 Dionysum
752 2071 936 2139 [Cleisthcnss
960 2072 1032 2125 hiess
1056 2075 1097 2125 ste
1123 2074 1166 2124 dle
1188 2071 1263 2125 Ehrs
1286 2073 1334 2123 des

245 2159 423 2226 Chorrelpens
447 2177 483 2212 nn
510 2161 561 2211 deo
585 2160 720 2224 Dionysos
748 2157 892 2226 alpense),
924 2158 1056 2227 siquidem
1085 2158 1181 2213 mirum
1209 2152 1333 2226 protecto

242 2247 328 2312 foret,
353 2246 425 2314 quod
447 2245 554 2298 Baccho
579 2245 674 2297 choros
694 2249 797 2297 tantum
815 2259 903 2312 neque
920 2245 1040 2313 reliquos
1059 2246 1198 2313 ademptos
1216 2234 1333 2297 honores

238 2333 410 2386 restituisset.
445 2331 519 2386 (tuin
536 2331 618 2383 etism
631 2333 747 2384 Paussn.
759 2331 804 2384 lib.
816 2333 860 2395 lll,
872 2333 925 2396 7,7
944 2332 977 2382 de
994 2331 1127 2385 Bacchico
1146 2318 1221 2400 opud
1238 2331 1334 2398 Sicyo·

185 2450 188 2455 ·
238 2420 298 2472 nios
317 2421 391 2472 cultu
409 2418 562 2486 disputans,
588 2417 740 2485 prohibuit,
763 2416 907 2484 quominus
925 2415 1013 2484 ipsum
1035 2418 1224 2486 perantiquum
1239 2424 1332 2487 pules.

240 2506 429 2559 Recenliorem
448 2505 518 2556 enim
538 2520 599 2555 enm
617 2503 684 2556 lacit
699 2503 887 2569 Phliasiorum,
906 2505 1151 2572 Thebanorumqnc
1167 2506 1249 2557 cultu.
1260 2507 1333 2561 Bat-

169 2576 174 2585 ’
238 2592 328 2644 chico:
346 2618 381 2629 -
399 2592 542 2659 κομίζουσι
561 2588 592 2641 δὲ
609 2587 678 2660 μετὰ
697 2585 791 2658 δᾴδων
809 2607 836 2642 τε
853 2580 987 2661 ἡμμένων
995 2592 1046 2644 καὶ
1057 2586 1153 2661 ύμνων
1164 2586 1331 2663 ἐπιχωρίαν.

236 2673 342 2745 ἡγεῖται
366 2675 421 2746 μὲν
446 2669 509 2740 ούν,
536 2671 569 2729 ὃν
592 2680 731 2744 Βακχεῖον
758 2671 942 2747 ὀνομάζουσιν
966 2670 1168 2750 (Ἀνδρύύαμας
1192 2670 1329 2747 optaturi

237 2764 373 2821 Φλίαντος
388 2765 485 2818 τοῦτον
502 2758 657 2832 ἱδρύσατο),
682 2763 776 2817 ἕπεται
797 2757 861 2815 did
885 2756 1054 2832 καλούμενος
1069 2758 1192 2828 Λύσιος,
1215 2759 1250 2819 δν
1276 2765 1330 2831 Θη-

238 2854 316 2916 βαῖος
338 2845 431 2915 Φάνης
454 2845 582 2915 εἰπούσης
606 2851 651 2916 τῆς
668 2854 778 2907 Πυθίας
800 2844 930 2903 ἐκόμισεν
955 2849 986 2901 ἐκ
1006 2850 1111 2916 Θηβῶν.
1146 2851 1223 2903 Unde
1245 2850 1331 2905 corri-

238 2938 343 3005 gendus
360 2936 475 2989 fortasse
494 2941 536 2988 est
553 2936 644 2991 Schol.
661 2939 749 2990 Mstus
766 2938 799 2989 Ρ.
809 2935 955 2987 Burmanni
971 2938 1033 2989 Sec.
1050 2938 1083 2988 ad
1095 2934 1204 2990 Aristid.
1215 2938 1329 2991 l'snsth.

238 3025 483 3092 Tom.1,p.17tt.
515 3024 663 3087 (Frommel
674 3040 701 3091 p.
712 3025 758 3088 ll)
787 3022 916 3075 ttt'JIEP
937 3026 993 3074 EN
1017 3026 1089 3074 ΤΗΙ
1108 3024 1281 3093 nontam]
1298 3022 1329 3078 ἔν

235 3116 294 3170 ταῖς
319 3114 446 3183 πομπαῖς
469 3104 483 3161 o‘
506 3108 560 3180 μὲν
579 3104 718 3164 Διονύσου
737 3110 804 3174 (leg.
821 3102 1020 3173 ArcroYJt
1044 3108 1075 3163 dl
1093 3104 1237 3180 Σατύρου,
1260 3104 1277 3161 o‘
1296 3108 1329 3162 dl

233 3193 347 3265 Βάκχου
366 3199 431 3264 (leg.
449 3200 665 3262 BAKXEIOY)
684 3190 885 3266 ἀντελαμβάνετο
905 3198 970 3262 (leg.
989 3211 1050 3248 oum
1068 3198 1146 3250 van.
1164 3198 1229 3250 Eur.
1241 3195 1327 3249 Distr.

234 3305 262 3354 p.
278 3286 339 3338 155.
362 3280 534 3355 ἀνελάμβανε
551 3280 596 3352 τὸ)
626 3284 727 3354 σχῆμα.
759 3282 794 3336 ol.
814 3283 935 3335 Creuzer
951 3282 1036 3347 Myth.
1054 3284 1100 3351 lll,
1118 3286 1179 3338 474.
1205 3284 1328 3336 weleker

233 3373 323 3426 Addit.
348 3372 383 3423 ad
400 3371 498 3424 Aesch.
517 3370 585 3422 Tril.
608 3389 636 3440 p.
657 3372 717 3423 199.
750 3371 823 3423 ldem
847 3369 947 3423 Bacchi
972 3371 1061 3422 cultus
1086 3369 1211 3424 Corinthi
1235 3368 1328 3423 floruit

231 3463 349 3514 Pensan.
363 3462 432 3509 teste
444 3456 477 3523 ll,
491 3459 516 3522 2,
530 3457 555 3510 5.
574 3485 610 3497 —
626 3457 751 3524 Denique
770 3456 843 3524 quod
853 3457 1008 3509 Welckcrus
1023 3473 1049 3524 p.
1058 3458 1111 3510 235
1123 3457 1169 3521 (nl.
1181 3456 1327 3519 mem.)

237 3547 319 3598 etiam
340 3544 450 3610 lyricam
475 3545 642 3609 tragoediam
661 3544 856 3612 quodammodo
881 3543 916 3594 sd
932 3541 1081 3608 Dionysum
1104 3540 1274 3610 pertinuisse·
1290 3542 1324 3593 ab

235 3633 324 3695 initio,
341 3631 405 3683 inde
423 3631 547 3697 collegit,
565 3631 637 3700 quod
656 3630 842 3695 Sicyoniorum
858 3629 904 3681 ille
921 3628 1000 3680 heros
1011 3629 1142 3681 Adrastus
1159 3626 1229 3681 miro
1245 3628 1325 3680 ruodo

232 3736 294 3774 cnm
312 3721 397 3771 altero
416 3718 542 3783 Adrasto,
559 3716 692 3771 Bacchico
703 3719 842 3768 Daemone
854 3714 1014 3769 commixtus
1030 3716 1122 3782 suerit,
1140 3713 1189 3780 (cl.
1203 3715 1326 3768 welches

234 3812 325 3874 Etym.
343 3805 431 3872 Myth.
443 3806 560 3858 Audeat.
578 3804 734 3857 Schwenck.
749 3821 776 3871 p.
794 3805 856 3857 302.
875 3802 909 3856 C.
926 3803 959 3854 0.
975 3803 1091 3855 Mueller
1106 3804 1186 3857 Eum.
1203 3818 1232 3869 p.
1250 3802 1325 3866 179),

234 3897 287 3949 hoo
312 3893 394 3946 etism
413 3890 510 3960 minus¹
527 3891 650 3960 probavit
675 3889 741 3942 mihi
763 3907 843 3958 quam
867 3889 940 3957 quod
961 3889 1079 3942 lacobus
1104 3889 1220 3941 eundem
1238 3888 1327 3941 Adre-

231 3987 302 4034 stum
319 3978 467 4048 respiciens
483 3979 513 4031 in
529 3981 641 4034 Quaeso.
659 3977 743 4051 Soph.
761 3994 789 4044 p.
808 3978 869 4030 101.
896 3974 1012 4043 Epigeni
1035 3981 1163 4047 tunquam
1186 3974 1325 4045 proprium

233 4066 373 4133 opinetur,
398 4071 430 4117 ut
455 4062 779 4132 tragoedise'honoribus
805 4061 912 4115 Baccho
938 4061 1071 4131 ademptis
1097 4064 1245 4118 Adrastum
1273 4060 1325 4115 sibi

234 4153 356 4220 aliosque
374 4153 470 4205 heroes
489 4151 663 4205 celebrandos
681 4150 810 4217 eligeret,
828 4152 1170 4216 quapropterawolchern
1181 4149 1325 4205 refellitur.

236 4240 305 4291 Cum
327 4241 464 4294 wolckero
487 4240 570 4293 sentit
587 4240 698 4306 Gruppe
715 4236 824 4292 Arisdn.
841 4252 869 4303 p.
889 4238 949 4290 121.
969 4266 1003 4277 -
