2798 4672
1187 273 1260 347 ror
1370 215 1377 225 ’

189 441 360 529 δεξάμενοι
382 440 609 532 βλεφάροισιν,
631 441 814 512 Διωνύσοιο
834 444 977 527 ἄνακτος

58 633 59 636 ¹
189 549 358 638 βούῳουαν
380 547 439 616 οὐκ
466 552 623 618 ἐθέλουσι
649 552 888 631 τιθηνιῦσθαι.
903 552 1099 641 θεράποντα
1114 559 1174 641 ⁶¹).

104 708 266 723 ......
290 660 324 722 οἱ
346 658 381 722 δὲ
400 653 448 735 τίς
468 657 633 723 ἐπιτόνιον
661 655 849 745 ψαλτήριον
880 661 1056 748 δελφῖνα
1077 663 1135 727 καὶ
1159 659 1260 750 τρά-

103 784 173 848 γον
193 758 434 849 σι’ργασαμένον
456 758 635 849 εἰρῆσθαι,
667 767 725 828 καὶ
744 752 830 830 εἶναι
854 766 912 832 τὸν
932 762 1105 855 βούῳουον
1125 767 1261 833 καὶτὸν

102 867 273 935 Διωνύσου
294 867 490 957 θεράποντα
519 868 588 934 τὸν
615 866 898 957 διθύραμβον.
942 876 1035 959 Quae
1061 874 1176 963 gryphi
1202 899 1261 942 ex-

101 975 231 1065 plicatio
252 976 328 1042 licet
345 979 484 1047 sortasse
507 1001 584 1044 vera
605 1000 670 1042 non
692 980 748 1061 sit,
776 978 872 1046 docet
892 990 1014 1062 tamen,
1041 979 1261 1045 intercessisse

102 1081 243 1171 aliquam
265 1104 340 1148 cum
363 1080 562 1173 dithyrambo
585 1082 741 1172 delphinis
765 1088 1039 1153 consuetudinem.
1061 1123 1104 1132 —
1125 1083 1260 1151 Accedit

102 1186 189 1275 quod
228 1187 367 1277 delphini
407 1193 476 1256 sine
509 1191 728 1256 controversia
759 1189 890 1257 Baccho
924 1190 1142 1280 antiquissimo
1176 1160 1260 1255 sacri
1286 1234 1293 1243 -

100 1293 237 1359 l.uerunt
280 1293 339 1359 Ed.
365 1293 512 1361 Gerhard
533 1297 757 1362 Anserlesene
785 1296 1007 1363 Vasenbilder.
1039 1296 1136 1362 Berl.
1156 1301 1261 1362 1810.

101 1397 257 1488 (μ121).
298 1401 373 1467 Der
392 1403 611 1488 neptuniscltc
625 1402 772 1487 Delphin
794 1405 889 1470 toard
909 1403 1021 1469 beiden
1036 1404 1093 1485 (sc.
1109 1399 1264 1489 Dionyso·-

101 1514 134 1569 et
155 1504 304 1595 Apollini)
334 1515 405 1573 crst
432 1511 550 1594 spiitcr
572 1509 695 1597 [νοητά.
738 1507 867 1595 Dionys
896 1516 998 1577 orirer
1019 1508 1083 1574 den
1108 1506 1258 1594 Tyrrhe-

100 1632 185 1678 nern
220 1612 273 1679 als
304 1610 525 1699 fruchtdarcr
552 1614 763 1701 Noturpott3
793 1624 825 1679 et
846 1637 915 1704 sqq.
966 1612 1078 1680 Valuit
1110 1613 1258 1679 enimin

99 1717 195 1784 Naxo
221 1716 376 1807 imprimis
403 1719 508 1785 insula
535 1723 664 1809 antiqua
690 1719 807 1786 labella
834 1719 992 1808 quaedam
1020 1718 1061 1784 de
1082 1717 1273 1808 Tyrrhenis

98 1822 313 1911 praedonibus
329 1823 491 1888 aBnccho
508 1825 671 1913 quondam
691 1827 725 1889 in
747 1823 914 1912 delphinos
938 1825 1151 1904 commutatis,
1172 1846 1258 1913 quse

100 1952 174 1994 cum
197 1953 239 1995 ex
260 1927 381 1993 homer.
397 1928 522 2015 hymnis
539 1928 604 2011 (Vl,
616 1929 670 2012 53)
687 1928 883 2017 Apollodoro
901 1927 949 2008 ΙΙΙ,
966 1929 997 2008 5,
1013 1927 1043 1994 3.
1077 1929 1170 1993 Ovid.
1186 1929 1257 1994 hle*

99 2045 174 2099 tam.
196 2035 244 2116 Ill,
266 2036 339 2100 582.
374 2034 492 2121 Hygin.
514 2034 575 2098 [ab.
601 2032 779 2100 CXXXIV
801 2034 968 2099 notissima
989 2042 1046 2112 est,
1069 2042 1138 2097 tum
1160 2034 1257 2098 etiam

97 2139 332 2205 nune-Athenis
356 2149 565 2205 conservatur
585 2139 619 2203 in
641 2136 833 2228 sepulchrali
846 2137 1020 2226 Lysicratis
1037 2146 1257 2217 monumento,

97 2245 290 2332 pulcerrime
315 2254 352 2309 ut
378 2246 485 2310 ferunt
512 2267 674 2333 expressa.
726 2245 837 2310 Stuart
859 2244 954 2332 antiq.
979 2243 1014 2308 ol
1038 2240 1152 2308 Athen.
1174 2263 1202 2307 c.
1224 2241 1256 2307 4.

98 2350 221 2416 Ruines
250 2350 290 2415 de
317 2350 421 2416 Grece
443 2349 585 2440 par·Roi
607 2350 645 2417 T.
669 2350 719 2431 10,
740 2374 770 2438 p.
792 2349 844 2414 34.
894 2349 942 2414 Αο
969 2347 1154 2436 Tyrrhenos
1186 2348 1256 2436 qui·
1359 2388 1363 2399 ·

99 2457 182 2537 dem,
205 2458 332 2522 tametsi
352 2456 496 2546 Heynius
518 2457 551 2521 in
575 2457 768 2523 Commentt.
793 2456 833 2520 de
850 2455 993 2521 Castoris
1016 2453 1147 2543 epochis
1168 2453 1256 2520 Nov.

100 2566 225 2632 Comm.
248 2565 322 2630 Soc.
347 2562 488 2651 Gotting.
512 2561 606 2628 Tom.
625 2560 648 2642 Ι,
670 2585 700 2650 p.
715 2563 765 2625 80.
788 2559 836 2642 lll,
858 2584 888 2650 p.
902 2561 944 2626 38
967 2563 1051 2626 etin
1073 2559 1254 2627 Observatt.

99 2672 140 2738 ad
162 2669 308 2760 Apollod.
331 2692 361 2757 p.
376 2669 444 2733 233
472 2669 593 2734 affatim
622 2676 766 2748 moneat,
794 2690 861 2732 non
882 2667 1037 2734 Etruscos
1067 2665 1255 2754 cogitandos

98 2801 171 2843 esse
192 2776 251 2843 sed
272 2774 469 2862 Pelasgicos,
491 2772 569 2838 mihi
589 2782 697 2836 tamen
714 2771 810 2836 Italos
832 2774 939 2860 potius
961 2770 1255 2860 subintellegendos

98 2906 170 2948 esse
192 2903 384 2971 persuasum
406 2889 469 2960 est,
497 2879 649 2968 quoniam
670 2877 843 2965 antiquitus
864 2878 947 2941 inter
969 2874 1154 2962 Tyrrhenos
1175 2877 1255 2941 istos

135 3145 170 3214 ⁶²)
188 3146 251 3199 Non
278 3142 368 3195 omisit
397 3142 469 3194 hunc
501 3138 630 3206 gryphum
659 3136 744 3190 Nicol.
773 3140 897 3203 Reusner
924 3138 953 3190 in
981 3133 1254 3203 Aenigmatographia

166 3232 225 3282 sive
243 3230 359 3329 eeniqm.
378 3233 407 3280 et
431 3227 592 3364 grytplroroqn
611 3228 725 3363 ‚tSylloges
744 3226 856 3363 (Freqlqi
875 3226 1000 3361 Idotllp.
1019 3224 1053 3276 53
1069 3229 1101 3362 §t
1119 3223 1163 3285 73,
1165 3235 1255 3359 4331ss-

167 3336 226 3371 rum
245 3333 391 3371 carminum
410 3328 545 3366 menione
576 3328 639 3364 sce
670 3327 796 3363 noerem
856 3326 945 3362 renaei
973 3326 1051 3362 ocum
1140 3332 1163 3360 .’
1247 3343 1254 3357 .

166 3406 195 3457 in
214 3422 267 3473 quo
286 3407 409 3457 obsolute
427 3403 461 3453 dc
481 3402 583 3453 Cleone
600 3330 753 3449 narristione
777 3398 867 3464 pergit
888 3402 999 3449 auctor:
1026 3325 1184 3467 άσπερνκαὶ
1201 3393 1255 3445 τῶν

166 3486 305 3544 Ἰταλικῶν
328 3493 424 3561 μίμων
447 3479 557 3558 ύριστος
580 3487 696 3552 γέγονεν
719 3477 877 3554 ὑποκριτής,
904 3486 952 3535 καὶ
976 3480 1030 3556 γάρ
1055 3475 1255 3553 Νυμφοδώρου

168 3579 265 3645 περιῆν
291 3578 326 3631 ἐν
351 3577 393 3642 τῷ
418 3572 715 3646 μνημονευομένῳ
739 3573 835 3640 μίμῳ.
879 3573 940 3626 Quo
959 3575 1018 3624 loco
1036 3573 1100 3623 Em.
1117 3566 1255 3634 Koeplrius

167 3665 195 3716 in
213 3665 302 3715 libello
328 3664 361 3714 de
380 3663 613 3728 hypomnemstum
633 3656 750 3709 Graecis
773 3656 947 3726 scriptoribus
972 3660 1061 3710 Berol.
1080 3655 1157 3706 1842.
1175 3671 1202 3720 p.
1220 3652 1256 3704 30

169 3769 209 3818 sq.
229 3749 356 3815 adhibito,
374 3748 470 3800 merito
493 3746 522 3797 in
543 3744 644 3797 verbis·
672 3742 718 3794 tro
734 3745 771 3810 τῷ
788 3748 1022 3816 μνημονευομένῳ
1039 3745 1116 3812 μίμῳ
1133 3740 1256 3802 haerens,

168 3837 235 3890 satis
258 3839 359 3889 multus
387 3842 437 3887 est.
481 3831 552 3888 Quid
575 3846 639 3883 vero
662 3829 686 3883 si
709 3830 816 3883 titulum
838 3833 912 3885 inimi
938 3831 967 3882 in
984 3830 1032 3891 his
1055 3823 1174 3878 verbis
1166 3840 1256 3876 inesse

167 3920 331 3994 suspiceris‘l
371 3922 495 3989 Namque
520 3919 614 3971 mimos
638 3917 718 3969 etiarn
741 3918 796 3970 suis
821 3917 963 3984 insignitos
987 3910 1139 3967 nominibus
1160 3906 1256 3971 fuisse,

167 4011 276 4076 ignorat
295 4025 390 4077 memo.
427 4005 609 4071 Conjiciase.
630 4021 656 4071 g.
676 4003 771 4079 ἐντῷ
789 3997 1037 4073 Κοκομνήμονι
1054 3999 1158 4068 μίμῳ,
1177 3994 1255 4060 cujus

169 4094 284 4151 nominis
305 4082 378 4147 ihtes
400 4095 513 4149 Latinos
539 4108 648 4162 quoqne
670 4090 779 4141 mimum
804 4089 926 4139 edolstus
952 4089 1010 4137 erat
1026 4083 1194 4135 Laberius
1211 4100 1256 4149 ap.

170 4183 287 4236 Gellium
307 4182 374 4244 XVl',
391 4180 417 4233 7.
453 4179 510 4232 Ch.
527 4181 596 4233 Lud.
620 4177 758 4244 Zieglerus
784 4176 817 4227 de
844 4172 932 4226 Mimis
959 4171 1141 4223 Romanorum
1165 4170 1254 4236 (Gott.

165 4252 298 4332 arses.)
317 4283 345 4334 p.
361 4266 405 4319 sa.
