2798 4672
187 224 259 306 106

269 405 420 498 Denique
441 401 678 474 Graelenhanio
702 403 742 473 ad
764 406 895 475 Aristot.
907 406 944 474 A.
958 408 995 475 P.
1010 431 1041 498 p.
1056 409 1117 475 176
1137 405 1224 477 hunc
1247 408 1345 477 etiam

183 536 325 594 versum,
347 534 443 603 quern
457 514 528 581 sine
543 511 683 578 auctoris
698 514 828 579 nomine
841 510 939 581 habet
952 513 1082 583 Aristot.
1095 515 1132 580 A.
1146 512 1183 580 P.
1198 535 1226 581 c.
1238 512 1344 585 XXll

182 619 226 697 ὠς
255 617 373 709 ῥᾴδιον
391 621 522 703 κινεῖν,
553 617 589 687 εἴ
616 640 664 694 τις
693 613 792 686 doust
818 619 971 686 ἐκτείνειν
997 614 1019 698 ἢ
1047 614 1259 701 ἐξαλλάττειν
1283 606 1343 710 ἐφὀ

183 716 311 790 ὅποοον
333 721 489 808 βούλεται
510 719 758 810 condonatione
779 726 814 792 ἐν
836 723 922 817 αὐτῇ
944 726 984 817 τῇ
1005 727 1097 808 λέξει.

332 819 354 912 ἦ
378 828 451 918 τάχ’
475 827 588 918 ’Ἄρην
612 818 703 897 εἶδον
725 831 972 920 Μαραθωνοὶδε
1000 829 1192 916 βαδίζοντα,
1262 888 1265 893 .
1308 886 1315 897 .

182 960 225 1007 ex
256 938 377 1007 Persis·
398 939 603 1028 desumptum
634 949 741 1029 putat;
775 939 1055 1031 supplendumque
1090 941 1131 1007 ad
1167 925 1260 1005 εἶδον
1288 950 1343 1011 aut

181 1044 315 1133 Πέρσαι
337 1035 555 1123 ουιἛλληνες
576 1053 676 1134 putat.
728 1044 776 1113 Ac
797 1056 845 1114 tot
867 1048 997 1137 quidem
1017 1045 1171 1137 reliquiae
1193 1047 1342 1115 carminis

183 1161 322 1218 aetatem
335 1151 484 1218 tulerunt.
520 1150 662 1217 Carmen
680 1174 758 1217 vero
777 1153 883 1244 ipsum
896 1158 965 1245 jam
979 1153 1148 1221 Passowio
1164 1151 1228 1221 tale
1244 1153 1342 1223 brisso

181 1256 323 1338 videtur,
354 1256 450 1348 quale
470 1255 624 1347 Aeschyli
650 1257 691 1325 de
717 1281 828 1349 pugna
849 1260 1064 1342 Marathonia,
1091 1258 1146 1327 vel
1166 1259 1340 1329 Simonidis

180 1362 222 1431 de
243 1363 409 1454 Spartanis
434 1364 474 1431 ad
497 1364 732 1456 Thermopylas
754 1366 883 1448 occisis,
912 1369 1004 1458 cujus
1026 1365 1229 1458 praeclarum
1256 1367 1341 1457 frag·

179 1478 324 1538 mentum
353 1472 557 1541 etiamnunc
584 1472 740 1541 hahemus
768 1495 815 1539 nr.
838 1474 858 1536 9
880 1472 929 1539 ed.
951 1470 1154 1542 Schneidew.
1197 1471 1343 1541 Fuerunt

181 1576 266 1642 enim
288 1575 421 1643 Athenis
445 1601 487 1644 ex
517 1578 634 1646 eodem
664 1589 828 1668 tempore,
861 1601 924 1670 quo
955 1577 1157 1647 laudationes
1189 1578 1340 1647 funebres

179 1682 370 1772 principium
399 1682 530 1753 duxisse
558 1684 691 1752 Diodor.
714 1684 771 1768 Xl,
793 1685 835 1752 33
864 1695 896 1754 et
915 1684 1052 1776 Dionys.
1080 1685 1244 1753 Halicarn.
1266 1685 1339 1751 Ant.

179 1785 275 1855 Rom.
283 1789 325 1872 V,
339 1792 378 1855 17
390 1795 622 1875 testantnr⁴⁰);
640 1794 737 1859 etiam
748 1793 923 1860 certamina
933 1793 1022 1861 varia
1034 1792 1177 1861 funebria
1187 1792 1341 1873 instituta,

179 1889 318 1978 ἀγῶνες,
348 1906 385 1974 ut
411 1899 455 1966 ait
481 1897 575 1966 Plato
603 1898 731 1969 llleners
755 1922 781 1969 c.
804 1903 856 1984 21,
883 1923 914 1992 p.
935 1899 1008 1967 249.
1030 1898 1069 1967 B.
1108 1899 1261 1985 γυμνικοὶ
1282 1899 1340 1965 καὶ

179 2001 310 2068 ἱππικοὶ
330 2004 387 2069 καὶ
410 2005 569 2087 μουσικῆς
597 2003 719 2088 πάσης.
764 2010 830 2076 Cir.
851 2008 1080 2073 Westermann
1102 2005 1142 2072 de
1163 2005 1250 2096 publ
1265 2003 1339 2073 Ath.

177 2106 291 2179 honor.
323 2133 363 2181 oc
391 2133 513 2203 praem.
537 2125 709 2184 comment.
731 2139 761 2206 p.
780 2117 830 2183 62.
882 2111 1065 2183 Verisimile
1093 2113 1190 2202 igitur
1211 2121 1262 2181 est
1282 2111 1338 2179 Ti·

177 2218 346 2289 morheum
379 2242 508 2311 quoque
540 2243 671 2289 carmen
705 2220 768 2287 hoc
802 2221 837 2289 in
863 2228 1026 2287 certamen
1051 2219 1240 2300 immisisse,
1274 2240 1339 2310 quo

178 2323 396 2392 Marathonios
419 2328 557 2393 victores
575 2325 735 2393 >redeunte
758 2325 974 2392 anniversario
997 2325 1078 2391 sesto
1099 2326 1158 2391 rite
1181 2345 1219 2389 ac
1240 2323 1339 2413 digne

177 2419 331 2497 laudaret
375 2429 449 2500 Nec
474 2431 627 2520 exiguam
652 2431 712 2499 sibi
735 2432 797 2498 isto
830 2429 973 2497 carmine
998 2427 1134 2517 gloriam
1162 2429 1338 2517 peperisse,

176 2545 306 2626 praeter
332 2533 481 2603 laudatos
510 2545 657 2603 veterum
690 2535 801 2619 locos,
831 2532 895 2604 hoc
931 2535 1120 2624 praesertim
1153 2533 1338 2603 testimonio

178 2665 251 2709 esse
275 2641 380 2723 debet,
402 2642 489 2731 quod
510 2641 699 2709 Aristoteles
722 2644 760 2710 A.
773 2643 810 2710 P.
823 2665 850 2709 c.
862 2643 884 2706 2
898 2641 953 2709 ubi
969 2639 1176 2708 Timotheum
1189 2651 1337 2708 nostrum

178 2770 254 2816 cum
279 2747 479 2815 Philoxeneo
507 2749 614 2838 poesis
642 2772 762 2840 genere
794 2756 974 2838 comparat,
1006 2745 1178 2815 Philoxeni
1207 2747 1336 2838 quidem

178 2855 376 2946 Cyclopem,-
390 2877 453 2946 quo
476 2856 689 2944 praestantius
710 2854 787 2925 nihil
809 2854 895 2922 aliud
918 2852 1100 2921 condidisse
1120 2851 1337 2923 Philoxenum

175 2961 219 3031 eb
251 2961 386 3033 Aeliano
415 2960 486 3044 ΧΠ,
507 2961 551 3030 40
577 2985 676 3053 supra
709 2963 819 3031 testari
848 2961 1003 3038 vidimus,
1036 2957 1198 3027 Timothei
1217 2957 1336 3031 <Persis

174 3072 345 3161 opposuit,
377 3070 471 3160 quasi
500 3078 533 3137 et
552 3068 648 3161 hujus
677 3070 811 3139 carmini
831 3066 1114 3158 praestantissimo.
1167 3066 1275 3156 Atque
1295 3066 1336 3137 ds

175 3177 376 3259 discrimine,
408 3175 495 3268 quod
521 3176 606 3245 inter
627 3186 799 3267 utrumque
820 3185 952 3265 poetam
970 3175 1126 3241 interesse
1147 3171 1336 3245 Aristoteles

174 3285 302 3365 statuit,
333 3307 432 3372 supra
450 3285 563 3351 -fusius
586 3282 687 3353 locuti
709 3304 836 3364 smnus3
866 3305 905 3353 ac
925 3303 1005 3349 sane
1026 3276 1191 3368 probabile
1213 3288 1281 3365 est,
1309 3282 1337 3349 si

176 3388 254 3480 qnid
284 3388 368 3457 aliud
395 3396 522 3478 poe‘ma,
543 3389 662 3457 Persas
693 3388 837 3478 inprimis
859 3387 996 3457 sublime
1019 3383 1170 3474 quiddam
1198 3407 1238 3455 ac
1263 3385 1336 3478 plus

176 3519 275 3586 quam
286 3494 464 3561 humanum
480 3497 629 3586 spirasse,
646 3497 764 3587 quippe
784 3517 884 3584 quum
895 3492 972 3560 nihil
985 3490 1109 3579 dignius
1126 3502 1225 3580 pocta
1239 3502 1336 3576 esset,

175 3624 274 3693 quam
303 3610 340 3669 ut
360 3599 476 3669 heroes
498 3612 553 3671 aut
575 3602 669 3684 deos,
697 3625 763 3668 non
791 3599 937 3667 homines
964 3600 1048 3667 inter
1080 3623 1117 3669 se
1148 3600 1336 3671 dimicantes

175 3707 379 3777 describeret.
424 3707 550 3777 Tamen
574 3709 701 3777 nonnisi
726 3709 760 3774 in
790 3705 933 3774 moribus
953 3705 1115 3775 imitandis
1143 3705 1337 3777 adumbran-

175 3815 290 3907 disque
312 3813 527 3904 Aeschyleam
547 3816 641 3880 istam
663 3817 865 3905 majestatem
887 3813 1142 3904 gravitatemque
1164 3813 1337 3894 affectavit,

174 3924 363 4013 ceteroquin
384 3922 471 3992 enim
492 3920 636 4013 Euripidi
657 3921 802 4010 impense
823 3916 952 4008 placuit.
997 3919 1039 3985 At
1060 3942 1157 4003 vero,
1184 3918 1337 4010 Aeschyli

176 4076 378 4095 Μ

212 4174 250 4240 ⁴⁰)
268 4172 312 4226 Cf.
330 4175 397 4226 Otto
412 4170 552 4226 Friedrich
570 4172 633 4222 Res.
651 4166 764 4221 Plateis.
781 4165 899 4236 specim.
917 4169 1000 4233 (Berl
1016 4171 1092 4226 184⁰.
1105 4171 1145 4236 8.)
1162 4187 1191 4239 p.
1203 4172 1238 4225 15
1249 4186 1289 4240 sq.
1308 4174 1337 4224 et

245 4262 393 4316 Stallbsnrn
412 4257 497 4325 praes.
516 4259 550 4310 sd
566 4259 672 4312 Platon.
691 4258 799 4310 Menos.
818 4265 843 4322 p.
856 4255 872 4310 7
887 4270 945 4324 sqq.
